3864 5686
237 399 287 478 24
717 363 1197 454 s-ASM.

182 530 322 600 Britan.
350 510 610 615 Delegavitque
637 512 862 615 Alphonsum
886 517 1065 616 quendam
1091 514 1137 591 ad
1163 509 1430 618 perscrutandas
1454 519 1613 598 boreales
1652 520 1729 605 (ἶπ-

181 628 284 703 nadac
309 625 452 722 plagas3
479 621 523 696 de
547 614 698 694 successu
726 636 848 696 tamen
872 617 962 692 nihil
988 615 1171 694 memoriae
1196 617 1377 715 proditum
1402 619 1473 697 est.
1709 700 1727 711 ,,

233 726 415 802 Antonius
440 724 484 799 de
505 719 614 797 ‘Faria
639 725 676 799 δι
697 716 811 798 Sousa
835 718 1047 812 Lusitanus,
1071 719 1335 814 Cambodiam,
1361 720 1726 824 Champaeam,Pou-

179 828 464 919 lo-Condorem,
490 822 665 924 Lequias,
689 821 935 915 Hainaniam,
971 822 1182 923 exiguasque
1207 825 1296 899 alias
1330 823 1467 908 insulas
1484 826 1546 909 sibi
1581 835 1727 929 aperit,

180 956 308 1030 nempe
333 928 525 1026 Liampoi,
554 930 568 956 *
596 923 682 1001 idest
707 925 874 1002 Sinatum
901 923 1088 1027 Imperiis
1113 946 1256 1022 portas,
1283 945 1323 1002 ut
1348 950 1499 1004 vocant.

230 1032 342 1130 Qod
367 1031 594 1130 Magallancs
619 1028 774 1127 incepit,
800 1024 948 1129 perfecit
973 1028 1044 1105 hoc
1071 1036 1167 1104 anno
1200 1028 1398 1106 Rodericus
1422 1028 1546 1132 Lopez
1581 1034 1625 1109 de
1649 1034 1728 1112 Vii·

177 1136 338 1229 lalobos,
360 1133 568 1233 Hispanus,
602 1129 816 1230 perlustratis
853 1128 973 1205 insulis
998 1130 1200 1207 Luaoniis.
1239 1130 1395 1208 Cunsia's
1433 1133 1471 1208 in
1511 1140 1728 1214 memoriam

170 1235 348 1339 Principis
376 1257 482 1329 tunc,
506 1232 636 1313 deinde
660 1233 769 1334 Regis
794 1228 975 1333 Hispaniae
998 1232 1154 1334 Philippi
1179 1232 1334 1312 Secundi
1360 1235 1466 1313 roc'at
1493 1238 1727 1337 Philippinas.

897 1361 914 1414 1
975 1361 1008 1414 2.

590 1435 760 1540 Japonia.
787 1443 887 1545 ¹long.
918 1360 1118 1521 isonat.
1145 1435 1212 1517 bor.
1242 1458 1303 1541 35.
1648 1508 1658 1527 ,

225 1545 335 1626 Sexta
359 1541 450 1638 Maii
474 1543 597 1623 Goam
623 1546 769 1642 attingit
806 1543 842 1620 S.
870 1542 1075 1620 Franciscus
1107 1542 1300 1638 xaverius,
1336 1541 1496 1642 Japoniae
1520 1567 1598 1645 quae
1635 1561 1722 1624 tunc

175 1648 394 1730 innotescere
419 1650 548 1748 coepit,
574 1646 713 1722 futurus
739 1647 950 1745 Apostolus.
978 1644 1144 1740 Eiusdem
1172 1648 1256 1722 anni
1283 1645 1399 1744 spatio
1424 1649 1541 1746 patuit
1576 1651 1613 1722 in
1639 1672 1724 1727 eam

175 1755 292 1833 aditus
316 1777 407 1829 unus
430 1757 467 1829 ὅ(
494 1751 603 1827 alter.
630 1746 728 1824 Hinc
753 1745 1176 1826 Ferdinandus'Mendez
1211 1747 1321 1824 Pinto
1348 1775 1431 1824 cum
1469 1749 1616 1826 Didaco
1638 1753 1724 1829 Zei-

173 1877 279 1934 moto
304 1860 341 1934 ὅ(
365 1851 622 1953 Christophoro
658 1850 802 1929 BoteiIo
828 1849 965 1929 Macao
998 1850 1036 1929 in
1072 1851 1319 1929 Tanuximam
1355 1853 1509 1926 insulam
1545 1849 1723 1950 profectus

173 1958 213 2038 in
237 1952 354 2058 Bungi
380 1979 527 2056 regnum
551 1954 773 2133 pcnetravin
801 1955 899 2031 illinc
925 1956 1128 2032 Antonium
1162 1954 1294 2046 Mota,
1329 1951 1555 2032 franciscum
1589 1955 1720 2035 Zimo-

172 2080 240 2156 to,
266 2061 304 2139 ἃ
328 2059 531 2136 Antonium
584 2079 713 2151 exota,
740 2053 932 2133 Lusitanos
956 2059 1089 2156 pariter
1114 2078 1220 2157 atque
1245 2057 1376 2160 primi,
1418 2081 1503 2133 cum
1526 2081 1571 2133 ex
1591 2058 1719 2138 Maza-

176 2165 274 2240 caria
300 2157 500 2256 solvissent,
525 2161 686 2259 procellae
711 2160 762 2235 vis
787 2157 914 2236 inscios
941 2160 1082 2258 adegit,
1109 2181 1151 2238 ut
1177 2162 1215 2235 in
1240 2160 1473 2259 Cangoximae
1507 2182 1653 2258 portum
1679 2165 1720 2241 in

172 2263 339 2347 sarumae
364 2288 476 2362 regno
500 2263 536 2341 se
560 2266 777 2362 reciperent.
803 2259 887 2360 Jam
913 2287 957 2363 ap
981 2259 1074 2339 uisus
1095 2263 1193 2339 diem
1220 2285 1281 2340 aut
1305 2261 1464 2339 mensem
1491 2266 1634 2340 notavit
1656 2289 1721 2344 ne·

171 2396 268 2464 mo;
305 2391 350 2445 ex
384 2364 482 2443 Pinti
518 2388 639 2443 tamen
666 2365 851 2442 itinerario
886 2390 932 2440 co
982 2366 1097 2460 citur,
1132 2361 1238 2458 Maio
1275 2386 1433 2443 vertente
1459 2367 1497 2439 in
1530 2362 1722 2465 Japoniam

172 2498 255 2550 curn
281 2470 384 2548 sociis
409 2464 535 2546 venisse
560 2467 630 2545 se.
667 2466 730 2549 De
764 2468 820 2543 his
846 2466 966 2543 insulis
1001 2468 1142 2545 mentio
1175 2466 1224 2546 est
1263 2469 1356 2569 apud
1381 2467 1553 2547 Marcum
1587 2466 1720 2550 Polum

172 2574 374 2669 Venetum,
423 2599 486 2651 uas
513 2570 583 2671 ipse
609 2569 814 2670 Zipangoas
839 2571 1017 2669 appellat,
1043 2566 1103 2648 scu
1126 2571 1171 2648 de
1196 2573 1390 2673 Zipangri.

223 2675 370 2755 Sedium
394 2599 682 2750 sabifiendamm
706 2698 782 2767 res,
817 2673 854 2749 dt
890 2694 1067 2750 novarum
1101 2674 1289 2773 regionum
1324 2673 1428 2750 notio
1463 2695 1721 2772 promoventur

173 2784 212 2858 in
238 2780 348 2858 Novo
374 2779 504 2876 Regno
530 2772 748 2853 Granatensr
774 2799 834 2875 pet
860 2773 1127 2853 Fcrdinandum
1151 2775 1257 2854 Perez
1282 2779 1326 2850 de
1350 2771 1538 2871 Qesada.

224 2880 411 2958 Ahar-Nu
435 2881 512 2955 nius
537 2878 798 2980 Capivacchius
821 2934 832 2971 ,
857 2882 966 2978 vulgo
991 2878 1343 2954 Cabeza-de·Vacca
1368 2877 1492 2953 urbem
1531 2904 1549 2954 a
1593 2877 1719 2954 Bonis·

115 3058 121 3068 .
168 2983 278 3062 Auris
303 2905 517 3060 reedificat.
553 2982 723 3084 ldemque
759 3007 842 3059 curn
867 3007 928 3080 pet
963 2980 1142 3059 Paranam
1167 2987 1204 3059 ὃ(
1239 2981 1329 3059 Para
1380 2982 1452 3054 aim
1494 2978 1719 3076 ascenderet,

168 3087 265 3164 sedes
292 3089 427 3189 aliquas
453 3088 491 3161 in
518 3084 788 3187 cognominibus
822 3084 1013 3184 provinciis
1046 3083 1251 3160 constituit.
1288 3084 1303 3112 ¹
1359 3105 1396 3154 er
1432 3080 1613 3158 Paranam
1639 3088 1717 3183 qui-

167 3191 250 3268 dem
276 3193 427 3269 minime
455 3187 610 3269 ascendit
634 3188 808 3283 Aturus,
836 3205 875 3263 at
899 3184 1078 3271 descendit
1104 3205 1219 3261 certe.
1244 3184 1341 3261 Cum
1367 3185 1500 3258 etenim
1527 3186 1565 3260 in
1590 3184 1626 3262 S.
1644 3186 1721 3270 Ca·

167 3292 343 3387 thurinae,
371 3315 434 3370 aut
460 3318 590 3388 prope,
616 3289 876 3362 exscensionem
897 3287 1056 3373 fecisset,
1084 3283 1236 3356 terrestri
1262 3286 1392 3357 itinere
1413 3281 1594 3358 Paranam
1631 3312 1719 3362 con-

71 3405 74 3413 ’
165 3394 303 3484 tendit,
329 3414 437 3489 quern
464 3383 628 3485 ingressus
663 3381 821 3460 secundis
847 3381 946 3482 aquis
982 3383 1028 3459 ad
1052 3378 1230 3481 Paraguai
1266 3381 1374 3483 usque
1409 3385 1630 3461 confluvium
1668 3387 1718 3465 fe-

164 3494 316 3571 rendum
340 3491 376 3566 se
403 3489 569 3565 tradidit.
597 3487 612 3515 *

214 3592 370 3694 Joannes
395 3591 544 3670 Ruicius
568 3584 779 3684 Lusitanus,
804 3586 865 3666 sed
892 3587 1053 3690 auspiciis
1085 3585 1211 3668 Caroli
1236 3591 1283 3667 V.
1318 3590 1539 3670 excursiones
1573 3619 1717 3692 promo-

163 3719 224 3775 vet
251 3722 312 3797 per
336 3691 578 3772 Galisorniam
604 3690 711 3792 usque
738 3695 784 3769 ad
807 3691 927 3795 Caput
952 3695 1048 3792 quod
1072 3696 1197 3790 gradui
1224 3698 1377 3794 441at.
1404 3694 1479 3771 bor.
1517 3695 1673 3790 subjacet
1700 3752 1714 3793 ‚

163 3798 374 3900 vocavitque
400 3793 665 3874 Mendocinum
691 3822 712 3872 a
737 3787 891 3896 Prorege
916 3793 1114 3873 Mexicano
1140 3796 1344 3877 Mendoza.

214 3903 326 3982 Venit
351 3904 390 3982 in
414 3902 609 3982 Tuctunen
633 3897 800 3980 Didacus
822 3902 867 3978 de
893 3899 1007 3994 Rojas
1032 3898 1232 4002 Hispanus.

889 4031 902 4081 r
967 4025 1000 4101 3.

553 4100 776 4210 Miiiffipius.
802 4027 1131 4209 Long.5s75.:zar.
1157 4107 1225 4188 bor.
1254 4111 1318 4209 30².

211 4209 439 4289 ferdinando
464 4210 510 4287 de
534 4209 626 4288 Soto
663 4214 709 4284 ad
743 4208 873 4285 ostienn
910 4208 1025 4287 Rubri
1060 4209 1218 4288 fluminis
1242 4208 1394 4307 occiso,
1431 4208 1635 4314 dejectoque
1671 4217 1710 4292 in

159 4312 388 4415 Misrffipium
413 4314 608 4408 cadavere,
634 4311 835 4388 Ludovicus
859 4309 1030 4390 Moscoso
1055 4316 1101 4390 de
1125 4315 1309 4393 Alvarado
1335 4319 1373 4393 in
1397 4340 1498 4392 marc
1525 4316 1631 4416 usque
1651 4320 1712 4393 dc-

159 4418 295 4495 currit.
322 4415 459 4515 Garcia
485 4414 583 4492 Laso
608 4415 651 4491 de
677 4417 713 4491 la
738 4413 792 4491 Vc
817 4439 839 4491 a
865 4415 903 4490 in
927 4412 1087 4494 Historia
1114 4409 1355 4517 acquisitionis
1376 4418 1527 4495 Florida
1552 4420 1624 4493 hoc
1644 4419 1710 4496 flu-

158 4543 243 4599 men
263 4518 431 4604 norestnat
448 4525 627 4619 Cucagua3
652 4515 712 4597 sed
730 4439 899 4616 Hispanis
925 4516 1185 4598 Floridensrbus
1203 4522 1298 4598 olim
1315 4510 1500 4602 dicebatur
1522 4523 1708 4641 i’alizada.

882 4643 896 4695 t
981 4678 990 4697 .

486 4721 679 4803 Potofinus
703 4750 830 4805 mons.
858 4643 978 4828 [οξιὲς
990 4746 1078 4824 310.
1104 4731 1186 4813 Lat.
1212 4743 1294 4805 mer.
1324 4752 1384 4805 20.

209 4825 313 4905 Vena
336 4818 509 4909 Potofino
532 4832 651 4908 monti
677 4824 840 4949 aperitin
858 4853 921 4930 per
945 4824 1195 4949 Villatroeletn
1220 4832 1424 4932 quendam,
1450 4853 1514 4930 pet
1538 4851 1648 4927 quem
1665 4832 1704 4907 ὅ(

647 4929 659 4953 C

134 4925 227 5008 'hoc
250 4950 348 5035 anm
371 4928 479 5035 coepit
502 4952 681 5022 exerceri·
711 4940 713 4944 ’

1532 5243 1644 5336 1546.
1696 5207 1700 5214 ¹
