3856 5678
231 321 327 428 fili
549 362 552 367 ·
610 378 613 383 ·
669 313 1278 405 ordinaverunt·
1310 304 1340 375 2¹-

195 466 242 564 ut'
265 434 441 555 jubilaeum
466 455 929 557 Quadragintaliorarum·
958 462 1148 562 quatriduo
1173 465 1194 537 l
1217 458 1350 538 'diebus
1373 458 1549 536 didatuin
1582 454 1725 538 sana*

184 573 285 671 ”gum
302 560 501 654 concedat,
527 560 631 659 idque
656 562 703 638 ad
729 565 910 660 tempuai
937 563 982 638 V.
1006 562 1051 639 E
1075 562 1168 662 presi
1193 566 1357 659 endum.
1395 565 1443 640 R.
1471 562 1654 638 Plenariae
1681 564 1724 638 ia

195 667 386 771 dulgentia
407 662 620 765 tltesarrrum
641 666 690 743 ad
708 663 883 747 solatiam
904 668 1124 743 monialium
1227 663 1437 745 catharina
1460 671 1499 745 bc
1524 663 1722 758 Theresm,

182 778 328 860 scarum
345 762 441 845 festfs'
466 765 742 862 recinentibus,
766 772 812 847 ad
838 770 1064 869 quatriduum
1087 769 1287 863 duratura,
1314 769 1336 842 it
1361 765 1455 846 sesto
1487 765 1552 846 die
1577 772 1720 863 compn-

199 874 351 949 tandum
376 869 568 947 concedit.
605 868 653 946 Et
678 870 748 947 ltoe
784 875 928 970 quidem
952 893 1128 949 nontam
1155 896 1219 970 pto
1242 872 1457 947 monialibus
1482 924 1494 961 ‚
1521 895 1640 969 quam
1667 895 1720 966 pro

199 976 332 1073 populo
367 973 414 1051 ad
447 969 565 1071 sacras
586 971 728 1048 illarum
764 974 853 1049 odes
878 973 1101 1066 confluente,
1125 973 1212 1047 dum
1236 971 1489 1049 eucharistieus
1525 974 1634 1069 panis
1670 994 1720 1066 pu·

83 1074 88 1081 “
197 1076 298 1150 blicae
323 1072 526 1150 adorationi
553 1074 709 1171 patebit.
734 1074 790 1150 Ea
817 1094 938 1152 tamen
964 1078 1061 1170 lege,
1099 1097 1139 1148 ut
1164 1075 1376 1173 quicumque
1395 1075 1605 1148 uoluerint
1629 1071 1719 1160 huius

185 1176 426 1275 ¹'indulgentiae
450 1175 706 1272 plenitudinem
731 1177 881 1268 lucrari,
907 1175 986 1252 vere
1012 1179 1228 1272 poenitentes·
1245 1187 1387 1275 peccata
1413 1172 1720 1265 confluentum&

197 1275 432 1356 eucharistico
456 1275 536 1351 cibo
559 1275 793 1354 reficiantur..
811 1301 848 1353 =
884 1275 1086 1373 Quartum:
1125 1275 1368 1354 Pleniffimum
1404 1277 1520 1352 etlam
1552 1274 1720 1366 iubilaeutn

201 1379 328 1455 Vestra
363 1379 537 1455 Sanditas
572 1403 645 1454 non
680 1398 845 1478 gravetur
872 1403 935 1477 pro
959 1381 1016 1453 die
1051 1378 1323 1456 consecrationis
1349 1379 1474 1475 templi
1512 1379 1720 1455 cathedralis

201 1478 363 1581 proximi
373 1476 678 1556 consummanda.
704 1479 814 1579 quue
827 1481 864 1555 in
888 1501 1091 1577 perpetuum
1109 1503 1174 1578 pro
1197 1484 1321 1558 oslava
1335 1479 1623 1556 consecrationis
1644 1504 1718 1576 quo

203 1583 322 1660 tannis
347 1601 579 1674 recurrente,
604 1603 646 1658 ut
680 1581 752 1657 hoc
778 1583 878 1657 lucro
902 1580 1025 1657 fideles
1059 1579 1256 1674 sruantur,
1293 1588 1329 1659 bc
1354 1583 1397 1658 ad
1422 1578 1719 1679 frequentandam

199 1681 385 1764 ecclesiam
411 1681 651 1760 cathedralem
675 1683 788 1780 magis
813 1684 1035 1758 alliciantur.
1063 1683 1111 1758 R.
1139 1682 1307 1759 Plenariae
1333 1684 1467 1781 pariter
1495 1683 1718 1778 indulgentia

199 1786 362 1879 donum,
387 1785 445 1861 ubi
471 1784 683 1862 cathedralis
706 1780 856 1860 ecclestae
880 1781 1045 1860 solemnis
1069 1783 1249 1860 dedicatio
1275 1785 1483 1875 habebitur,
1510 1784 1572 1858 vel
1611 1791 1631 1858 a
1657 1806 1720 1874 te,

202 1889 260 1967 vel
288 1887 309 1962 l
334 1910 554 1986 quocumque
584 1884 903 1978 tibisuccedente,
926 1883 986 1970 sed
1001 1887 1059 1960 'ad
1083 1910 1163 1961 earn
1191 1888 1285 1960 diem
1312 1887 1537 1978 dumtaxat,
1576 1887 1720 1982 quade

197 1987 337 2068 'dicatio
362 1983 446 2079 fiet,
472 1993 508 2063 dt
532 2011 577 2063 ea
601 1989 829 2078 conditione,
853 2008 896 2063 ut
918 1984 1170 2084 exomologesis
1195 1994 1230 2064 &
1254 1986 1359 2064 sacra
1384 1986 1566 2082 synaxis,
1601 1989 1651 2060 uti
1674 1986 1720 2060 su·

201 2119 289 2194 pra,
313 2088 531 2166 sacramenta
558 2093 797 2188 perceperint,
823 2090 882 2187 qui
908 2089 953 2164 de
980 2091 1041 2164 illa
1065 2089 1217 2186 gaudere
1236 2091 1397 2189 cupient.
1424 2089 1653 2166 Recurteute
1671 2085 1720 2163 rr·

202 2219 246 2270 ro
272 2188 506 2268 anniversaria
531 2187 658 2266 suturis
685 2192 896 2290 temporibus
921 2192 1000 2282 die,
1024 2190 1155 2288 septem
1182 2216 1294 2267 annos
1320 2191 1561 2266 solummodo
1581 2196 1615 2267 bc
1636 2191 1718 2264 toti·

200 2291 552 2391 dem'qttadragenas
586 2291 631 2366 de
658 2316 747 2369 vera,
773 2292 988 2387 indulgentia
1015 2291 1198 2368 concedit.
1239 2316 1276 2368 :r
1311 2289 1524 2388 Qtintutn:
1563 2293 1717 2382 Annae,

201 2392 404 2475 Beatllstmi
428 2391 556 2487 Pater,
582 2412 622 2469 ut
647 2392 705 2468 sex
728 2396 774 2469 ad
799 2393 990 2469 minimum
1016 2390 1083 2468 five
1107 2416 1277 2492 corpora,
1303 2392 1373 2469 five
1397 2397 1562 2494 reliquia
1582 2391 1720 2492 insignes

202 2496 403 2576 sauciorum
439 2494 528 2569 milri
566 2494 882 2574 transmittantur:
919 2495 1014 2594 quod
1041 2496 1174 2569 donum
1211 2497 1401 2572 comitetur
1436 2498 1619 2593 particula
1643 2494 1720 2590 ligni

198 2601 315 2676 crucis
339 2595 465 2675 nostrat
489 2599 772 2698 redemptionis.
808 2594 945 2693 Qodb
981 2598 1034 2670 vel
1060 2595 1291 2673 minuriffinu
1329 2597 1509 2695 particula
1534 2621 1584 2673 ex·
1606 2594 1719 2674 oslrbtn

199 2696 276 2780 BB.
302 2698 398 2776 Petri
424 2695 586 2778 &Pauli
613 2701 881 2801 adjtmgeretur,
916 2698 1209 2799 opportunissima·
1231 2699 1313 2774 lruic
1338 2697 1512 2775 Ecclestae
1546 2701 1717 2775 Tucuma-

200 2798 300 2879 nenst
327 2802 530 2896 adveniret,
552 2826 629 2901 quar
653 2802 795 2880 eosdem
822 2804 929 2879 veluti
939 2824 1117 2978 1patronos
1138 2798 1187 2875 stn
1238 2803 1325 2875 lares
1350 2802 1460 2892 oolit,
1492 2799 1653 2897 ipsorum
1664 2801 1719 2875 bo·

200 2904 281 2985 nori
305 2903 395 2978 olim
419 2902 560 2980 dicata.
587 2904 709 2982 Etiam
733 2925 846 3005 opto,
871 2902 913 2979 B.
969 2959 1001 2996 .,
1027 2924 1067 2980 ut
1093 2929 1159 3001 pro
1195 2904 1268 2977 etia
1294 2899 1391 2980 senta
1415 2903 1571 2993 maioris
1597 2903 1716 2977 hebdo

200 3004 335 3097 made,
360 3000 448 3080 festo
476 3004 715 3099 inventionis,
740 3013 777 3084 bt
802 3006 1039 3093 Exaltationis
1061 3005 1195 3081 Sandan
1217 3004 1367 3099 Crucis,
1392 3005 1521 3104 quibus
1555 3008 1715 3103 particula

199 3108 223 3183 d
250 3107 293 3179 V.
321 3105 364 3182 B.
389 3108 564 3183 mittenda
590 3129 788 3207 exponatur
823 3107 1075 3200 venerationi,
1111 3108 1237 3208 aliqua
1262 3107 1494 3205 indulgentiae
1529 3109 1715 3182 concedar

200 3229 282 3288 tur.
309 3208 365 3285 Ac
391 3210 561 3302 tandem,
587 3229 627 3285 ut
654 3237 716 3308 pro
744 3212 967 3308 reliquiarum
994 3209 1251 3284 mittendarum
1276 3212 1375 3283 cultu
1402 3209 1534 3306 poffint
1571 3208 1717 3284 sacerdo

200 3316 254 3389 tes
277 3315 314 3388 bc
338 3312 513 3385 moniales
536 3311 696 3388 officium
720 3312 849 3408 duplex
874 3320 909 3388 dt
934 3309 1072 3384 missam
1099 3309 1282 3408 respesliv'i
1317 3312 1512 3387 celebrare·
1534 3311 1664 3387 diebus
1685 3309 1717 3383 ab

198 3410 396 3489 Ordinatio
423 3410 654 3510 affignandis,
681 3414 763 3489 licet
790 3415 827 3486 in
854 3412 1118 3510 Martyrologio
1138 3412 1309 3489 Romatio
1326 3412 1445 3487 Sancti
1473 3436 1557 3486 non
1584 3412 1654 3488 stnt
1673 3414 1717 3486 de·

197 3512 339 3611 scripti,
366 3537 433 3587 nec
451 3510 586 3589 constet
612 3514 656 3588 de
677 3515 863 3590 identitate
888 3538 1078 3610 corporum
1096 3511 1156 3588 seu
1181 3515 1408 3611 reliquiarum
1433 3518 1520 3588 cum
1551 3516 1647 3608 illis,
1671 3515 1716 3612 qui

197 3616 239 3691 in
264 3613 392 3689 codem
417 3609 681 3710 Martytologio
706 3617 952 3691 continentur.
980 3615 1027 3691 R.
1054 3615 1189 3690 Rerum
1216 3638 1358 3690 tuarum
1384 3613 1514 3713 gestori
1557 3614 1717 3714 siguifica-

199 3716 336 3808 nimus‚
362 3708 535 3790 Pontifice
560 3711 607 3789 fic
632 3714 799 3807 jubente,
821 3737 862 3790 ut
888 3715 1077 3814 supplicem
1104 3717 1262 3792 libellum
1287 3717 1411 3809 daret,
1446 3741 1522 3814 quo
1552 3719 1720 3806 juberetur

65 3850 68 3860 2
197 3815 425 3918 postmodum
449 3815 564 3906 major
587 3813 771 3892 Pontificis
795 3815 993 3893 sacellarius
1017 3815 1212 3917 sanitatum
1250 3820 1480 3917 reliquiarum
1506 3819 1722 3896 munerati·

196 3919 232 3998 bi
259 3918 417 4012 tradere,
446 3910 578 3994 =sanila
611 3919 724 3994 crucis
747 3919 857 3994 etiam
894 3919 1126 4015 particulam:
1163 3921 1221 3995 cui
1259 3921 1403 4019 publica
1435 3920 1722 4006 venerationiin

196 4022 333 4118 templo
358 4017 543 4120 proposrtae
579 4022 776 4118 plenariam
812 4020 1069 4118 indulgentiam
1096 4022 1265 4119 applicuit
1286 4022 1406 4097 diebtu
1439 4019 1726 4115 Exaltationu,

194 4120 482 4220 Inventionisque
507 4123 620 4196 crucis
643 4124 769 4197 eadem
795 4125 872 4221 lege
896 4119 1119 4198 confelsronis
1143 4128 1181 4199 bc
1205 4125 1492 4199 communionis.
1534 4125 1645 4203 Feria
1679 4146 1726 4199 re·

195 4222 239 4302 td
263 4223 360 4300 sexta
386 4224 531 4313 major'u
554 4222 807 4316 hebdomada,
835 4247 947 4300 annor
970 4223 1146 4301 dunuxat
1170 4221 1305 4324 septem
1329 4231 1365 4304 bc
1389 4225 1555 4306 totidem
1582 4229 1728 4331 quadra·

191 4348 319 4425 genas.
341 4324 402 4403 Ex
425 4327 614 4423 exemplari
640 4326 797 4402 romanis
822 4326 913 4423 typis
937 4326 1055 4402 edito.

552 4525 1056 4609 ORDINATIO
1139 4528 1354 4610 DXCVIII.

728 4633 839 4710 Anno
864 4650 973 4731 1753.
1001 4654 1062 4710 ao.
1080 4628 1179 4710 Febr.

283 4832 470 4914 Eclaratur
506 4836 552 4914 ad
589 4838 727 4938 Regem
763 4838 997 4917 Catltolieum
1032 4839 1206 4938 pertinere
1242 4841 1287 4919 ad
1319 4837 1490 4920 beneficia
1525 4845 1579 4938 gin
1617 4850 1733 4949 regnis

300 4934 523 5035 :Gradatenss
547 4946 615 5032 (r)
640 4947 677 5017 dt
700 4940 888 5017 indiarum
913 4943 1079 5018 vacantia
1103 4942 1324 5038 nominare,
1350 4949 1387 5025 dt
1412 4946 1578 5047 Regiam
1612 4949 1731 5026 Coro

185 5037 747 5146 urminpae'rbtauorniurndi
778 5039 982 5145 posstffiooe
1016 5047 1517 5148 (tt)1ttrrntoetedebere.
1557 5050 1734 5237 ligoque
