3856 5678
533 306 1206 388 boossonrnn.1mo
1273 315 1384 412 mm„
1604 336 1683 425 4η

196 447 307 551 scopo
328 443 529 527 ‘faventibus
556 447 669 526 Index
695 448 880 528 Romanus
906 445 1077 525 librorum
1102 448 1366 548 prohibitorum
1394 459 1466 546 (a)
1492 452 1590 536 Edit.
1623 474 1732 566 1764.
1801 519 1806 525 .

196 555 274 629 haec
296 551 429 628 babm:
454 551 599 626 Bullarii
625 546 814 649 (Magni)
838 550 999 630 Romani
1026 575 1114 628 tom.
1142 550 1208 627 IV.
1235 552 1332 630 Edit.
1360 554 1604 657 Lugdunensis
1636 562 1731 644 sum-

192 655 312 753 ptibus
336 630 490 753 Phillbpi
516 648 663 746 eorde,
686 648 872 727 Laurentii
898 652 1069 746 Amani,
1096 659 1188 747 dec,
1211 655 1337 734 donec<
1357 656 1538 738 auferatur
1561 663 1732 744 constitu-

194 760 251 832 tio
275 754 393 834 XXV.
421 755 590 852 incipiens
613 752 832 846 Sacrosandiae
856 760 1010 829 Romano
1044 757 1210 848 Ecclesia,
1231 763 1284 836 dt
1308 764 1475 858 praeterea
1499 764 1560 839 fex
1596 756 1733 865 paginis

192 859 219 932 ὲ
244 881 323 957 pag.
351 855 467 948 289„
494 855 758 946 cujusinitium
784 857 974 929 innomine
1002 859 1160 949 Domini,
1189 854 1295 958 usque
1322 863 1367 934 ad
1394 887 1474 960 pag.
1503 885 1590 961 300.
1617 867 1732 944 Decr.

196 977 232 1057 3.
261 958 356 1054 Aug.
386 963 521 1053 1656.,
549 973 609 1074 27.
634 950 705 1073 Jul-
736 962 930 1081 1657.,*&
958 980 1016 1070 ao.
1042 955 1133 1076 Jttn.x
1156 959 1264 1057 1658.
1300 951 1372 1037 Ubi
1398 961 1437 1080 ‚fi
1462 968 1616 1042 relatum
1652 966 1733 1044 scri-

191 1055 1733 1271 rumorosusestat1§trunitnnnuassnu
1778 1156 1782 1163 ·

190 1259 339 1336 cedibus
365 1259 520 1350 adiedta:
542 1285 622 1360 qun
646 1258 778 1336 merus
802 1264 973 1360 expundla
998 1261 1113 1358 funt,
1147 1288 1233 1338 cum
1258 1262 1297 1339 in
1332 1261 1493 1343 Bullario
1516 1269 1617 1346 lonas
1652 1284 1731 1348 tan-

192 1381 278 1439 tum
303 1359 429 1439 debeat
464 1359 532 1443 effe
565 1363 700 1456 bullis,
734 1364 771 1440 dt
796 1365 838 1439 iis
864 1388 940 1462 quac
964 1363 1010 1441 ab
1035 1362 1260 1464 ‘Apostolieae
1293 1363 1392 1442 Sedis
1427 1368 1646 1451 authoritate
1681 1373 1731 1451 di-

189 1484 372 1543 milani·

508 1666 1106 1750 ORDINATIO
1205 1666 1416 1751 cccxtn„

456 1806 459 1815 =
735 1772 846 1847 Anno
873 1777 986 1869 1649.
1017 1795 1050 1848 1.
1076 1769 1191 1848 Mart.

195 1972 459 2146 INnocentius
483 1975 529 2053 Χ.
559 1975 605 2052 ad
641 1976 843 2051 vicennium
878 1978 1026 2052 ulterius
1050 1975 1259 2074 prorogavit
1296 1970 1487 2051 facultates
1513 1975 1647 2054 indicas
1685 1972 1729 2057 ab

261 2075 411 2158 Urbano
437 2077 544 2152 Vlll.
571 2074 746 2152 concessas
771 2101 830 2174 25.
856 2077 954 2178 Sept.
985 2084 1095 2171 1629.
1133 2076 1245 2155 Extat
1277 2077 1374 2175 apud
1407 2072 1729 2173 Quintanaduenaa

189 2179 289 2272 (l).
316 2178 446 2280 Incipit
473 2181 676 2257 damarum
696 2176 827 2272 saluti.

630 2378 1310 2455 ADNOTATIONES.

242 2573 347 2652 Lien
373 2576 448 2653 baec
473 2573 680 2654 constitutio
705 2576 792 2654 data
828 2575 872 2652 frt
898 2577 984 2653 totis
1019 2574 1077 2652 sex
1113 2574 1286 2652 mensibus
1323 2596 1516 2674 antequam
1551 2580 1726 2678 expiraret

188 2680 397 2755 vicennium
431 2675 644 2755 facultatum
679 2681 941 2778 prorogationis
967 2676 1136 2768 Urbani;
1176 2678 1222 2752 ad
1249 2678 1373 2757 Indias
1410 2700 1531 2755 tamen
1563 2677 1732 2762 nonnisi

187 2779 255 2855 diat
283 2779 466 2880 postquam
490 2781 734 2879 expiaverat,
769 2783 904 2880 perlata
938 2779 988 2857 est
1026 2780 1289 2879 prorogationis
1325 2777 1424 2856 fadlae
1448 2781 1603 2859 notitia.
1639 2770 1727 2881 an

189 2901 353 2980 tempore
378 2904 454 2959 non
478 2903 524 2960 ex
549 2883 816 2982 praesumptione
839 2880 954 2959 solitae
981 2879 1211 2958 concessionis
1237 2885 1467 2960 continuatus
1493 2881 1542 2958 est
1575 2881 1729 2961 faculta-

187 2999 272 3057 tum
297 2981 399 3073 usus,
423 2981 485 3058 fed
510 2981 685 3082 suspensus
710 2987 861 3059 omnino
896 2981 989 3074 suit,
1026 2988 1063 3059 dt
1087 2979 1156 3057 effe
1180 2983 1333 3058 debuit.
1371 2983 1415 3058 Id
1440 2980 1569 3059 saltem
1593 2985 1638 3062 de
1664 2983 1730 3064 Pe·

188 3085 297 3158 nuvio
324 3083 471 3158 testatur
494 3079 534 3157 P.
562 3084 764 3162 Avendario
786 3105 868 3158 tunc
891 3081 1052 3180 superstes
1078 3087 1168 3170 (c).
1194 3081 1244 3154 Et
1268 3081 1359 3157 redte
1383 3082 1551 3180 quidem,
1576 3111 1664 3161 nam
1684 3089 1728 3164 li-

188 3181 253 3257 cet
280 3181 510 3258 concessionis
535 3187 590 3258 vel
615 3186 875 3282 prorogationis
900 3182 1000 3257 fado
1026 3179 1279 3278 praesumptio,
1316 3179 1481 3263 srfolida
1507 3189 1543 3260 dt
1576 3186 1728 3281 probata

185 3281 352 3375 fitilla,
378 3283 481 3381 posfrt
507 3285 662 3380 prodesse
688 3290 734 3360 ad
760 3281 860 3359 usum
885 3282 1121 3382 quarumdam
1147 3281 1343 3380 gratiarum
1367 3283 1407 3356 in
1432 3280 1515 3358 casu
1548 3284 1730 3364 necessita·

186 3385 266 3472 ais3
295 3386 419 3483 aliquae
445 3405 566 3460 tamen
591 3387 672 3463 sunt
695 3388 841 3484 gratia,
867 3409 932 3482 pro
958 3408 1108 3484 quarum
1134 3381 1196 3458 usu
1222 3380 1397 3479 maior&
1424 3385 1567 3477 astualis
1591 3388 1724 3465 notitia

187 3481 292 3561 fastae
319 3487 547 3563 concessionis
572 3490 626 3562 vel
652 3488 914 3587 prorogationis
939 3486 1150 3584 requiritur.
1177 3476 1385 3561 Benediflus
1411 3481 1512 3560 XIV.
1542 3488 1578 3560 in
1601 3485 1726 3565 Consta

190 3590 283 3660 Cum
310 3587 535 3681 Venerabilis,
561 3589 649 3687 dara
674 3610 733 3686 27.
757 3587 838 3685 Jan.
870 3608 978 3684 1757·
1006 3587 1080 3676 (d)
1122 3584 1294 3660 admonet
1319 3583 1554 3664 miffionarins
1587 3613 1634 3664 ne
1658 3588 1728 3667 dif-

193 3683 311 3762 serant
336 3691 384 3764 ad
409 3711 567 3766 extrema
595 3686 747 3766 vicennii
775 3710 962 3766 momenta
987 3687 1250 3785 cogitationem
1276 3690 1312 3764 dt
1337 3711 1459 3763 curam
1484 3692 1642 3786 petendae
1660 3691 1727 3771 fra-

190 3812 274 3861 tum
299 3786 514 3867 facultatum
539 3795 820 3890 prorogationis,
847 3791 1043 3888 supponens
1066 3786 1145 3884 post
1169 3784 1327 3880 elapsum
1355 3791 1546 3892 terminum
1572 3784 1638 3865 effe
1664 3797 1725 3871 ob·

194 3891 345 3969 noxium
370 3894 527 3967 nullitati
554 3895 698 3967 illarum
724 3890 848 3967 usum.
878 3891 923 3962 In
946 3888 1157 3984 quibusdam
1175 3886 1308 3958 litteris
1332 3885 1496 3982 Episcopi
1524 3889 1727 3990 Angelopo'·
1801 3963 1806 3974 ,

187 3991 296 4064 lirani
322 3993 414 4068 datis
442 3991 476 4066 8.
504 3990 583 4085 Jan.
610 3993 711 4078 hujus
737 3992 822 4064 anni
852 3997 961 4082 1649.
991 3989 1037 4061 ad
1058 3986 1251 4060 ¹Summum
1274 3980 1487 4058 Pontificem
1514 3992 1725 4088 (numny.)

188 4089 310 4165 sermo
334 4091 383 4166 est
406 4095 451 4168 de
477 4089 704 4169 facultatibus
729 4096 765 4167 b(
791 4089 978 4187 privilegiis
1001 4083 1209 4186 quibusdam
1261 4083 1536 4162 comilitonibus
1561 4091 1600 4164 in
1626 4080 1727 4167 tertis

189 4188 392 4267 infidelium
418 4192 605 4287 concessis,
633 4191 859 4291 additurque:
886 4187 964 4282 sose
991 4204 1081 4262 tutte
1106 4186 1173 4264 che
1244 4185 1334 4262 endo
1359 4187 1382 4260 a
1409 4188 1725 4297 tempo-limitato,

189 4316 305 4368 erano
331 4295 389 4392 gia
414 4298 543 4371 inoltre
563 4294 714 4395 spirate.
752 4295 880 4370 Sermo
919 4289 1151 4388 proculdubio
1175 4287 1224 4364 est
1260 4290 1304 4365 de
1329 4284 1557 4368 facttltatibus
1586 4291 1727 4372 hl's'vi·
1806 4355 1810 4362 .

191 4397 418 4489 cennalibus,
444 4423 595 4494 quarum
622 4399 745 4496 aliqua
769 4394 947 4469 dabantur
970 4417 1033 4490 pro
1058 4388 1275 4466 missionibus
1302 4392 1338 4464 ln
1375 4395 1475 4468 tetris
1506 4390 1717 4474 infidelium·

191 4498 270 4570 alia
296 4525 359 4595 pro
394 4497 665 4598 quibuscumque
700 4493 990 4593 Christifidelibus
1024 4495 1062 4567 in
1087 4490 1193 4569 India
1217 4488 1385 4567 orientali
1412 4496 1476 4567 nel
1509 4453 1724 4584 occidentali

188 4597 442 4694 existentibus,
469 4619 510 4676 ut
536 4600 673 4676 constat
698 4625 743 4676 ex
769 4601 969 4674 litterarum
995 4611 1140 4669 tenore.
1178 4591 1229 4668 At
1254 4588 1443 4667 facultates
1467 4592 1532 4669 bas
1557 4601 1594 4769 dp
1618 4599 1725 4713 pfivia
1815 4646 1819 4663 »

1594 4719 1674 4795 egra

186 4814 1212 4859 wrm-fl—
1220 4815 1728 4852 m

214 4965 285 5034 (ὃ)
305 4967 370 5025 fnd-
387 4973 465 5030 noa.
483 4972 568 5032 Verbo
587 4967 717 5031 bullarii.
767 4967 823 5040 (b)
844 4960 1029 5041 Qintaenad·
1049 4977 1114 5025 rom.
1139 4985 1164 5018 ι.
1182 4974 1224 5022 tt.
1247 4982 1271 5025 7·
1286 4966 1356 5032 βῆς.
1377 4962 1432 5020 ult.

222 5045 284 5114 (C)
304 5047 426 5116 advene.
447 5049 494 5110 rit·
519 5069 563 5105 n.
582 5050 649 5125 tbes·
671 5068 732 5117 cap·
755 5070 783 5118 3·
804 5063 881 5106 nuru·
897 5051 948 5116 fin·
990 5040 1150 5124 (utinm
1170 5039 1239 5100 vide
1258 5039 1338 5114 infra
1358 5038 1428 5101 ote·
1449 5049 1517 5098 m.
1574 5058 1579 5063 ·

1220 5114 1313 5192 Eee

770 5371 935 5410 rf'
