3856 5678
217 332 319 441 Ι6ο4
660 314 1243 401 Onnrtttrtours

187 464 324 541 tionem
349 460 454 550 ituis.
481 456 674 635 Subditque
700 438 899 559 exemplum
923 463 1163 559 exemptionis
1195 457 1453 541 clericoruma
1485 455 1723 550 iurisdietone

189 564 399 664 temporali,
425 566 462 639 bt
485 562 610 663 religio
626 588 731 638 orum
758 563 802 637 ab
826 565 1031 640 ordinaria.
1697 646 1701 655 Ι

289 662 450 764 Utraque
475 665 648 739 limitatio
672 667 794 741 locum
820 667 927 743 habet
952 667 990 740 in
1014 661 1099 741 casu
1122 663 1267 741 nostro.
1290 663 1412 741 Prima
1439 662 1616 764 quidem,
1641 661 1718 758 quia

77 794 87 811 ⁴
188 768 410 865 privilegium
447 766 646 842 concedens
680 767 901 864 neb‘phyris,
937 766 994 842 Ne
1029 770 1290 862 compellantur
1325 769 1431 841 certis
1454 766 1615 854 diebus,
1645 759 1718 838 esset

187 867 292 968 plane
316 870 464 960 inutile,
490 867 517 943 st
540 869 707 969 compelli
745 868 908 966 possent:
943 868 1146 946 &libertas
1182 871 1226 943 ad
1251 870 1528 944 conducendum
1567 866 1717 963 proprias

187 995 333 1067 operas,
362 968 431 1045 stre
459 971 505 1044 ad
531 971 722 1045 locandum
749 974 906 1068 proprios
930 970 1098 1045 humeros
1123 991 1257 1046 careret
1295 965 1444 1060 effeslu,
1480 966 1511 1042 st
1535 968 1622 1061 cogi
1651 965 1718 1064 pos-

187 1069 264 1149 sent
292 1074 336 1144 ad
362 1073 593 1146 laborandum
621 1098 685 1170 pro
708 1073 884 1149 dominis.
911 1071 1070 1149 &minda
1084 1099 1097 1160 ·,
1120 1074 1203 1167 quia
1227 1072 1303 1169 pius
1326 1070 1376 1147 est
1401 1092 1441 1147 ut
1466 1072 1529 1171 qui
1557 1067 1720 1150 ,inarime

189 1173 451 1270 ne'o‘phytorum
479 1169 614 1247 favor.
649 1176 769 1253 Etiam
806 1170 893 1249 secit
919 1198 984 1270 pro
1007 1173 1207 1270 religione:
1240 1176 1279 1253 bt
1296 1170 1431 1265 smum
1456 1172 1501 1260 eli
1527 1160 1623 1245 ratio
1659 1197 1720 1265 que

187 1301 248 1460 ppo
274 1277 426 1470 religni}
441 1271 621 1470 facitqut
647 1275 695 1350 cst
720 1271 813 1371 juris
838 1277 1064 1376 proloquium
1089 1275 1127 1350 itt
1148 1276 1217 1381 leg.
1244 1281 1333 1350 Suet
1363 1270 1505 1375 persone
1525 1271 1572 1363 ff.
1600 1278 1650 1347 De
1676 1299 1720 1345 re·

214 1403 309 1449 reon.
417 1405 473 1451 um
494 1392 521 1449 t.
563 1404 619 1452 tot·
819 1399 824 1405 '

221 1403 245 1477 g
294 1477 422 1552 Dices:
451 1402 580 1552 Ppartnm
617 1503 681 1574 pro
717 1477 888 1575 religione
913 1475 1023 1569 facit,
1060 1477 1155 1576 quod
1180 1475 1288 1553 sclavi
1309 1478 1507 1568 otientur,
1545 1477 1721 1565 brono,

192 1576 385 1671 ebrietate,
412 1581 501 1654 ludis
526 1602 567 1655 trt
594 1581 785 1676 plurimtnn
811 1603 883 1652 non
909 1581 1009 1655 bonis
1035 1576 1121 1655 fella
1159 1580 1356 1655 celebrent.
1392 1577 1639 1675 Respondeo.
1661 1575 1717 1652 Pa·

191 1703 273 1752 rum
299 1685 409 1755 etiam
437 1708 502 1781 pro
528 1683 698 1780 religione
724 1678 810 1755 facit
837 1684 932 1778 quod
958 1680 1028 1757 fint
1055 1681 1171 1756 clerici
1198 1682 1385 1756 abutentes
1408 1678 1720 1770 immunitam&

192 1780 372 1857 christiani
398 1783 497 1858 liberi
524 1785 561 1857 in
584 1785 793 1858 Sansiotum
819 1778 911 1856 festis
936 1786 1030 1857 male
1056 1780 1242 1859 feriantes.
1269 1778 1367 1879 Qud
1385 1785 1502 1879 crgo?
1531 1778 1714 1856 Damnan·

192 1885 240 1962 de
264 1884 314 1960 est
341 1883 497 1959 Ecclesia
524 1882 765 1962 solemnitates
792 1885 971 1978 indicens,
999 1906 1061 1959 aut
1090 1886 1272 1958 vindicant
1305 1882 1611 1959 immunitatem?
1643 1880 1722 1956 Pro

194 2008 272 2085 pter
296 1984 418 2062 abusus
454 1988 655 2086 negandum
693 1988 909 2084 privilegium
947 1987 1094 2060 canonis
1120 1992 1154 2063 dt
1180 1986 1249 2060 foti
1274 1989 1289 2057 ?
1317 1983 1587 2082 Distinguenda
1623 1985 1725 2081 igitur

194 2088 272 2166 sunt
300 2092 339 2163 in
364 2091 569 2186 privilegiis,
596 2088 739 2180 abusus,
765 2085 868 2180 finis,
893 2093 929 2164 dt
966 2091 1072 2162 virtus
1098 2087 1157 2162 seu
1183 2088 1301 2163 valor.
1339 2084 1482 2165 Contra
1511 2084 1634 2162 abusus
1666 2087 1721 2159 de·

195 2191 427 2264 clamandum
454 2191 490 2263 in
517 2193 701 2288 compitis.
728 2187 847 2263 Modb
873 2209 995 2264 tamen
1022 2190 1217 2264 attenditur
1243 2186 1344 2280 finis,
1382 2189 1442 2285 qni
1469 2187 1647 2286 religiosus
1670 2184 1724 2260 ete

195 2294 314 2382 certe,
339 2293 627 2393 quandoquidem
651 2293 829 2389 exemptio
865 2292 1125 2387 neophytorum
1153 2291 1197 2365 ad
1224 2291 1429 2366 animatum
1459 2287 1722 2364 conversionem

196 2400 232 2472 er
258 2395 567 2468 manutentionem
597 2397 631 2468 in
658 2392 727 2469 {ide
752 2394 965 2468 ordinatur.

299 2495 453 2585 Objicies
480 2520 536 2573 2.:
562 2497 700 2573 states
735 2496 859 2594 aliquis
885 2492 947 2570 fiat
973 2495 1016 2567 de
1053 2491 1203 2592 profesio
1230 2489 1357 2585 sellus,
1392 2494 1433 2568 in
1465 2516 1519 2569 eo
1551 2518 1626 2566 non
1651 2486 1722 2590 pos·

195 2596 275 2675 sunt
302 2597 410 2673 sclavi
435 2600 600 2695 compelli
628 2599 672 2671 ad
700 2597 953 2673 laborandum.
981 2595 1076 2694 Ergo
1103 2599 1123 2668 a
1150 2599 1332 2671 contrario
1358 2593 1386 2671 st
1410 2597 1486 2670 dies
1517 2596 1642 2691 aliquis
1667 2591 1728 2666 fiat

194 2703 239 2774 de
265 2696 353 2773 fello
379 2697 547 2796 profestus
567 2755 581 2790 ,y
613 2699 707 2797 quod
745 2724 837 2774 nova
874 2695 1054 2772 Benedtttt
1079 2695 1332 2774 constitutione
1369 2694 1431 2787 fit,
1458 2699 1629 2794 compelli
1657 2692 1727 2793 pos·

77 2870 80 2875 .
194 2801 299 2878 sunt.
326 2799 430 2873 Prob.
455 2799 617 2898 eonseq.;
646 2826 734 2873 nam
759 2798 845 2874 ficut
874 2801 1084 2897 impotentia
1110 2799 1250 2873 domini
1278 2797 1324 2874 ad
1348 2798 1589 2896 obligandum
1623 2796 1724 2893 tespi-

196 2903 245 2976 cit
272 2902 345 2975 dies
395 2921 543 2977 uatenus
565 2899 647 2976 scili
667 2900 769 2992 sunt3
804 2903 857 2977 ita
873 2898 1042 2999 ‘potestas
1065 2900 1244 2996 obligandi
1282 2897 1422 2998 respicit
1448 2901 1533 2976 dies
1553 2921 1729 2998 quatenns

195 2999 277 3079 sum
302 2928 479 3100 prodiit*a
512 3002 610 3101 Ergo
635 3001 722 3079 ficut
749 3028 844 3078 nova
872 2999 947 3078 sesti
973 3005 1124 3100 qualitas
1151 3002 1404 3102 impotentiam
1427 2997 1522 3078 sacit
1544 3057 1565 3095 ,
1586 3003 1639 3078 ita
1664 3026 1723 3075 no

199 3129 245 3182 va
270 3106 427 3204 qualitas
450 3102 594 3204 profesti
616 3106 680 3181 dat
706 3104 939 3204 potestatem.

299 3205 566 3283 confirmatur:
589 3207 706 3283 Sclavi
733 3206 871 3305 poliunt
896 3208 976 3303 cogi
1002 3205 1302 3283 adlaborandum
1327 3207 1367 3281 in
1384 3204 1511 3282 dicbus
1535 3208 1608 3306 qni
1630 3202 1727 3282 resor-

195 3310 289 3389 mati
314 3306 394 3384 sunt
419 3308 465 3384 ab
489 3306 637 3387 Urbano
661 3307 798 3401 Vnt,
833 3332 873 3384 ut
909 3302 1044 3383 constat
1079 3332 1123 3381 ex
1151 3309 1247 3407 praxi
1285 3312 1321 3384 dt
1354 3331 1398 3383 ex
1435 3309 1485 3382 iis·
1505 3335 1589 3405 qnae
1627 3308 1723 3383 babet

199 3412 403 3486 brendano
427 3417 519 3500 (a).
546 3409 644 3509 Ergo
668 3413 800 3510 paritet
826 3413 863 3485 in
889 3409 1015 3488 diebus
1034 3407 1236 3501 semisestis,
1262 3409 1305 3483 de
1328 3408 1456 3508 quibus
1479 3408 1531 3487 est
1571 3409 1730 3512 quaestio,

198 3537 286 3589 nam
311 3513 514 3587 moderatio
545 3509 713 3586 sestonrm
747 3513 768 3586 ὲ
803 3510 994 3592 Βιηεάῐᾶο
1020 3508 1110 3588 secla
1147 3509 1269 3586 smilis
1293 3509 1343 3587 est
1366 3507 1469 3589 sailae
1505 3511 1554 3589 ab
1596 3511 1736 3594 Urbano

200 3616 320 3713 quoad
347 3631 556 3709 preceptum
582 3616 814 3711 negativum.

305 3711 409 3790 Res.
437 3711 588 3788 concess.
616 3736 730 3790 antec.
767 3739 859 3814 nego
885 3715 1058 3816 conseq,
1093 3742 1180 3790 nam
1215 3711 1290 3791 scili
1328 3717 1487 3813 qualitas.
1508 3714 1567 3792 est
1604 3709 1734 3812 requis-

200 3838 282 3894 tum
306 3816 341 3890 se
366 3739 453 3890 sbio'
468 3813 639 3891 sufficiens
667 3818 713 3892 ad
738 3818 1008 3917 impotentiam3
1035 3819 1187 3916 qualitas
1213 3812 1351 3913 profesti
1376 3815 1426 3891 est
1451 3814 1488 3897 se
1514 3815 1606 3895 sola
1632 3812 1729 3892 insui·

201 3918 322 4003 fieiens
347 3922 392 3994 ad
417 3918 627 4016 potestatem
654 3920 911 3998 inducendam.
938 3920 986 3996 Et
1012 3922 1048 3994 in
1073 3943 1295 4018 quacumque
1329 3919 1481 3993 materia
1508 3921 1624 4015 plura
1665 3917 1734 3994 sure

202 4018 367 4120 requisita
395 4026 439 4096 ad
465 4018 674 4117 potestatem
699 4024 971 4120 complendam,
1021 4046 1106 4097 uam
1133 4023 1178 4095 ad
1205 4022 1457 4117 impotentiam
1467 4046 1484 4093 t.
1519 4012 1606 4096 haec
1647 4022 1737 4097 enim

203 4126 339 4200 malum
365 4123 548 4220 quoddam
570 4122 620 4198 est
644 4147 688 4196 eir
712 4147 935 4223 quocumque
960 4126 983 4199 d
1019 4124 1096 4198 estu
1132 4120 1327 4215 resultans,
1353 4118 1423 4198 stve
1448 4142 1649 4223 exparte
1671 4148 1740 4197 ma·

204 4228 321 4318 teria,
348 4223 419 4299 fite
439 4246 609 4398 exparte
632 4226 792 4325 principii
819 4224 856 4301 se
878 4227 1055 4304 habente.
1080 4224 1146 4300 Ex.
1173 4250 1248 4324 gn:
1275 4224 1329 4300 Ex
1353 4249 1426 4322 quo
1452 4225 1554 4322 ignis
1591 4229 1741 4324 applica·

204 4349 261 4403 tus
287 4351 362 4402 non
387 4324 498 4419 iit,c
554 4328 730 4424 impotens
753 4330 980 4424 comburere,
1007 4329 1172 4426 quamvis
1191 4351 1256 4403 nec
1280 4323 1369 4401 defit
1395 4328 1558 4404 materia
1598 4327 1744 4404 combu-

203 4430 347 4522 slibilis,
374 4452 440 4503 nec
463 4427 676 4528 principirun
713 4432 958 4528 operationis,
993 4428 1178 4504 existentia
1214 4448 1335 4503 tamen
1373 4428 1638 4526 applicationis
1674 4451 1746 4505 non

207 4533 296 4615 serit
323 4530 552 4628 potestatem,
579 4528 605 4603 sa
633 4530 875 4624 vinus-defit,
904 4522 957 4607 iel
983 4524 1136 4606 materia
1165 4528 1435 4615 combustibilis.

311 4632 356 4714 In
381 4632 464 4710 casu
487 4634 611 4710 nostro
633 4633 680 4710 ad
705 4631 914 4731 potestatem
939 4631 1009 4710 obli
1037 4632 1125 4706 atidi'
1154 4626 1212 4708 seu
1246 4630 1489 4749 compellendi
1512 4632 1663 4712 sclavos
1700 4659 1750 4709 te·

208 4743 357 4839 quiritur
384 4736 527 4815 ablatio·
546 4730 822 4835 impedimenti,
853 4734 950 4835 quod
981 4656 1040 4810 'ed'
1059 4734 1183 4832 privile
1209 4736 1281 4809 ium
1301 4746 1314 4808 ’.
1349 4728 1457 4812 Unde
1482 4737 1665 4834 neganda
1703 4735 1747 4812 eii

210 4836 456 4937 consequentia
491 4838 707 4953 probationis
727 4865 742 4929 ς
772 4861 860 4945 uam
879 4840 1048 4947 ⁴quali-tas
1072 4834 1153 4938 scili,
1166 4758 1260 4937 ,sant
1285 4838 1750 5018 impotentiamadnqpa·
