3864 5686
378 416 383 421 .
451 343 959 424 Aeosrollctt·
1018 349 1288 440 15641600.
1504 365 1581 441 259

113 485 364 563 commoditate
389 489 529 563 romani
555 484 730 578 recursus,
757 513 799 562 ex
828 507 902 560 tam
914 485 1114 584 longinquis
1127 482 1322 583 regionibus
1347 481 1521 574 difficilis,
1546 486 1636 560 utin

112 608 206 663 textu
232 591 371 686 integro
406 590 594 666 innuitur.
630 586 726 684 Quid
765 587 849 665 verb
873 588 1066 669 dicendum
1100 588 1144 661 de
1180 585 1430 662 constitutione
1468 584 1635 684 Gregorii

110 687 212 865 1ΧΙΙΙ.
217 692 393 867 &jusdem
418 688 491 767 seris
517 693 739 791 argumenti,
764 719 833 792 qua
872 691 934 765 illa
961 691 1137 766 indicatur
1172 686 1309 781 causa,
1348 687 1537 762 videndum
1572 688 1636 764 suo

121 817 190 867 oco
273 795 309 868 d.
342 816 423 890 ¹53·
1169 859 1176 870 .

111 948 116 959 .
208 897 269 971 Ad
296 917 330 993 3.
357 897 522 972 facultas
547 922 622 974 uon
645 893 760 972 solum
785 897 892 971 datur
917 893 964 970 ad
989 892 1312 984 rehabilitandutu‚
1336 890 1397 967 sed
1422 891 1465 968 ad
1502 887 1637 989 dispen-
1776 895 1780 902 '

103 997 279 1091 landum,
306 1021 346 1073 ut
374 1000 410 1072 iu
438 1020 536 1073 textu
561 1000 705 1098 proptio
730 1000 845 1072 videre
869 994 942 1086 est3
967 993 1178 1092 dispensatio
1203 994 1286 1069 verb
1311 1018 1386 1068 uon
1422 995 1566 1093 requirit
1591 1018 1635 1068 ex

102 1101 268 1178 terminis
295 1099 548 1194 praecedentem
575 1101 795 1175 habilitatem
822 1154 833 1190 ‚
860 1123 936 1196 quae
960 1094 1066 1172 suerit
1094 1098 1284 1196 aliquando
1308 1149 1318 1170 .
1346 1096 1404 1171 Ad
1439 1095 1637 1191 41Adim·

93 1203 192 1302 pleri
221 1203 466 1300 paenitentiam
493 1227 564 1276 ιιοιι
592 1204 777 1300 requiritur
805 1203 840 1276 in
866 1199 1029 1274 omuibus
1054 1196 1282 1296 dispensatis,
1307 1196 1365 1271 scd
1393 1199 1484 1273 iniis
1507 1198 1637 1295 quiab-
1770 1200 1775 1212 '

88 1303 320 1380 solutionem
346 1301 584 1394 obtinuerint,
612 1325 652 1378 ut
678 1303 723 1377 ibi
748 1304 897 1378 dicitur:
924 1300 990 1377 sive
1017 1304 1054 1376 in
1080 1301 1143 1392 iis,
1168 1301 1228 1399 qui
1253 1296 1555 1398 dispensanttuin
1590 1299 1637 1373 ir·

82 1407 333 1503 regularitate
357 1426 402 1478 ex
425 1402 574 1479 desino.
718 1467 722 1473 ,
1656 1449 1658 1453 2

207 1505 268 1582 Ad
298 1527 337 1601 5.-
359 1510 395 1583 dc
419 1513 480 1580 6.:
506 1505 657 1580 Senatus
681 1507 824 1582 carebat
850 1524 935 1581 tuuc
960 1502 1060 1583 sasso
1086 1503 1316 1580 concessionis
1340 1504 1502 1578 notitia:
1539 1500 1636 1599 quod

74 1613 145 1687 in
172 1632 211 1683 re
236 1607 315 1682 fatti
341 1607 474 1680 mirum
497 1607 668 1701 nonest,
694 1634 776 1682 cum
802 1611 913 1684 etiam
938 1608 1085 1681 latuerit
1121 1662 1132 1700 ,
1168 1631 1323 1705 quorum
1347 1606 1514 1679 intererat
1554 1629 1632 1678 ma·

74 1711 184 1810 gis,
211 1712 374 1807 praelatos
401 1706 610 1799 indiarum,
635 1715 671 1786 de
698 1711 900 1809 aliquandiu
925 1708 1160 1784 Solorzanum
1184 1706 1278 1801 luris
1310 1707 1418 1783 indici
1459 1705 1636 1781 thesaura·

68 1807 1521 2011 fflhuhhlll‘cll‘llllssslltslllssts‘hhllslh‘h'
1553 1802 1638 2008 iis
1764 1816 1780 1824 ⁰
1867 1803 1870 1812 ¹

64 2011 454 2112 scopis—indiarum.
632 2086 636 2093 .

216 2114 296 2189 Fuit
323 2116 467 2211 quidem
491 2109 583 2189 fassa
610 2118 752 2191 mentio
780 2112 1008 2190 concessionis
1031 2113 1136 2205 buius
1161 2118 1198 2190 in
1223 2111 1418 2190 sununario
1441 2110 1638 2211 privilegio-

65 2238 194 2291 rum
221 2215 444 2291 authoritate
468 2215 628 2293 Concilii
651 2217 825 2293 Limeusrs
852 2217 1047 2314 approbato
1073 2241 1172 2292 auno
1199 2213 1335 2312 1583.,
1359 2216 1456 2313 quod
1483 2211 1640 2310 ignorari

58 2316 117 2388 ὲ
159 2318 309 2413 praelatis
332 2342 407 2392 nou
432 2338 596 2415 poterat,
623 2344 697 2393 nou
735 2344 855 2394 tamen
884 2318 1068 2394 exhibetur
1093 2319 1139 2407 ibi
1175 2320 1278 2414 copia
1304 2317 1526 2392 litteralis&
1551 2313 1639 2388 into·

61 2439 200 2511 gra,
228 2419 286 2497 sed
311 2421 507 2495 extrastum
535 2420 634 2496 valde
659 2422 900 2510 diminutum,
926 2425 961 2497 bc
987 2418 1113 2517 panim
1138 2418 1265 2511 fidele,
1291 2418 1388 2516 quod
1413 2412 1638 2492 occasionem

57 2521 217 2601 errori
244 2519 360 2595 facere
388 2520 525 2617 potuis,
551 2519 597 2593 fic
622 2522 720 2598 euim
748 2521 876 2596 habet:
901 2522 1051 2596 Concedit
1079 2520 1264 2597 indiarum
1288 2518 1476 2618 episcopis,
1502 2536 1638 2591 utcum

59 2618 281 2713 quibusvis
308 2622 460 2719 personis
486 2624 523 2695 in
549 2620 660 2696 Iudiis
682 2622 907 2698 exilientibus
925 2619 1121 2719 dispensent
1147 2626 1184 2697 in
1210 2622 1471 2717 irregularitate
1496 2640 1637 2714 exquo÷

60 2740 259 2822 cumque
284 2725 410 2801 desisio
438 2725 639 2815 contrade,
664 2723 863 2800 dummodo
884 2749 960 2799 nou
984 2720 1092 2799 stretit
1125 2748 1169 2800 er
1200 2723 1399 2799 homicidio
1433 2720 1638 2795 voluntario

63 2841 209 2902 extra
235 2823 367 2902 bellum
393 2823 579 2901 commisso
603 2831 640 2903 δι
663 2825 834 2903 srmouia:
862 2829 912 2900 ita
938 2847 979 2901 ut
1004 2826 1063 2922 qui
1091 2825 1134 2901 ab
1159 2821 1356 2916 huiusmodi
1381 2822 1514 2898 delidlis
1538 2817 1637 2895 abso·

59 2918 174 2997 luti
201 2922 358 3017 suerint,
384 2933 421 3004 bc
445 2929 481 3001 iu
509 2929 821 3024 irregularitatibus
844 2924 1032 3025 dispensati
1067 2948 1251 3003 teneantur
1286 2927 1430 3023 implere
1465 2922 1640 3021 poeuiteu·
1751 3019 1755 3025 Ι

65 3020 202 3100 tiam
229 3051 290 3122 per
317 3025 565 3102 confessarium
591 3027 636 3100 ab
659 3030 841 3104 ordinario
879 3027 1113 3126 approbatum
1138 3028 1414 3126 imponendam.
1453 3022 1529 3100 Etsr
1554 3045 1638 3099 eam
1723 3100 1729 3108 ,

58 3138 185 3198 non
214 3127 489 3222 compleverint,
517 3126 687 3214 ejusmodi
713 3127 886 3228 absolutio
919 3134 956 3205 dc
991 3127 1202 3224 dispensatio
1228 3131 1265 3203 in
1299 3125 1381 3206 sero
1417 3124 1639 3201 conscientie
1774 3121 1780 3133 ’

56 3215 151 3296 fit
180 3229 294 3301 nula.
320 3227 368 3300 N.
394 3226 457 3302 B.:
484 3233 522 3301 sn
548 3229 798 3325 irregularitate
822 3256 864 3302 ex
889 3253 1079 3324 qaaecumque
1103 3229 1242 3321 lerino,
1267 3220 1351 3302 cum
1378 3223 1638 3302 constitutionis

59 3330 226 3405 textus
251 3328 406 3418 habeat,
431 3328 488 3401 Ex
513 3327 756 3427 quibuscumque
780 3335 904 3419 clariss.
1099 3395 1106 3406 ,
1745 3389 1760 3401 .

213 3428 272 3503 Ad
298 3449 335 3521 7.
362 3428 488 3505 Citata
513 3427 679 3506 schedula
703 3430 880 3507 recursum
905 3427 981 3505 ficri
1007 3430 1153 3508 testatur
1176 3433 1342 3532 quidem,
1367 3430 1428 3509 sed
1441 3427 1639 3528 improbat.

68 3513 226 3608 Verba
253 3529 357 3621 sunl,
384 3531 507 3628 quibus
534 3528 705 3629 praedisia
721 3533 960 3609 roborantur:
984 3537 1037 3606 En
1060 3536 1111 3608 mi
1135 3531 1264 3626 Cosejo
1286 3535 1409 3612 delas
1434 3533 1555 3608 Iudias
1587 3528 1640 3609 ha

71 3632 265 3711 ⁴:uusado
288 3633 451 3709 uovedad
475 3634 528 3706 los
553 3632 731 3728 recursos,
756 3658 825 3733 que
849 3637 917 3711 mis
942 3633 1090 3711 vasallos
1113 3635 1228 3712 hacen
1252 3638 1274 3713 a
1299 3638 1425 3717 Roma·
1446 3630 1641 3735 parasacar

77 3720 288 3833 dispensas
314 3734 360 3810 de
383 3733 420 3811 S.
432 3732 470 3810 S.
498 3788 508 3810 .
537 3788 547 3809 .
574 3788 584 3808 .
610 3757 676 3834 por
700 3730 819 3813 causas
843 3739 887 3814 de
913 3737 1160 3835 illegitimidad
1185 3757 1270 3836 para
1296 3737 1439 3837 puderse
1463 3737 1640 3824 ordenare

85 3843 195 3919 Puer
222 3860 361 3934 auoque
385 3857 424 3910 es
447 3837 581 3927 cierto,
606 3861 674 3934 que
700 3837 771 3914 esse
796 3862 832 3912 es
856 3863 906 3915 un
932 3840 1188 3936 impedimento
1214 3841 1413 3929 canonico,
1437 3860 1504 3934 que
1529 3838 1564 3911 el
1573 3833 1641 3909 dis-

92 3935 272 4017 Pensarlo
298 3956 481 4035 pertenere
508 3937 592 4018 as.
620 3937 680 4029 S.,
717 3937 875 4013 tambien
902 3941 939 4012 lo
964 3961 1000 4013 es
1024 3963 1091 4037 que
1113 3961 1181 4037 por
1204 3937 1302 4012 bulas
1337 3962 1409 4013 una
1433 3938 1478 4011 de
1501 3935 1539 4012 S.
1574 3934 1643 4019 Pio

91 4020 155 4108 V·
185 4094 194 4114 .
222 4094 232 4113 .
260 4060 341 4114 otra
365 4039 423 4114 del
448 4037 564 4113 Senot
590 4037 770 4134 Gregorio
795 4037 902 4116 XIII.
931 4093 940 4110 .
969 4093 979 4113 .
1005 4035 1077 4115 elis
1102 4039 1298 4114 concedido
1324 4040 1345 4115 ai
1370 4042 1424 4114 los
1436 4034 1643 4135 Arzobispos

97 4147 125 4219 1
158 4140 313 4237 Obispos
337 4140 382 4216 de
408 4138 548 4231 Indiae,
574 4141 610 4213 el
639 4154 719 4238 tque
752 4140 891 4240 puedan
915 4137 1092 4239 dispensat
1116 4165 1184 4218 con
1209 4143 1262 4214 las
1288 4137 1451 4241 personas
1485 4160 1552 4240 que
1576 4137 1641 4243 ba·

98 4224 282 4319 bitetten
309 4242 467 4341 aquellos
491 4265 636 4340 parages
675 4242 778 4319 tedas
811 4244 864 4321 las
898 4243 1206 4340 irregularidades,
1243 4268 1310 4344 que
1336 4266 1400 4343 por
1435 4239 1643 4342 qualquiera

103 4341 227 4424 clusa.
242 4345 412 4422 buvieren
437 4343 624 4423 contraido
650 4341 748 4421 sueta
772 4345 830 4421 del
854 4344 1049 4431 homicidio
1074 4347 1277 4424 volontario
1302 4343 1533 4422 cerebellum
1557 4366 1642 4417 con-
1694 4430 1701 4443 .

105 4446 228 4541 milo,
252 4473 276 4549 y
301 4448 345 4522 de
371 4448 408 4522 la
433 4445 689 4543 irregulatidad
711 4472 779 4545 que
805 4452 968 4549 proviene
995 4472 1060 4547 por
1085 4447 1258 4525 simonia.
1284 4447 1318 4524 Y
1354 4445 1544 4525 assunismo
1575 4464 1643 4541 que

104 4551 254 4641 puedan
279 4546 455 4648 dispensat
481 4572 526 4622 en
552 4551 586 4623 la
612 4548 858 4646 illegitimidad
882 4576 904 4644 y
929 4547 1154 4648 espuriedad,
1180 4576 1201 4644 y
1227 4570 1325 4628 otros
1349 4545 1499 4626 defessos
1523 4545 1569 4624 de
1588 4546 1643 4623 los

102 4646 291 4747 mestizos,
316 4673 479 4752 puraque
507 4647 695 4726 ascieudau
723 4653 742 4726 ai
769 4653 914 4730 ordeues
938 4654 1101 4750 majores.
