3856 5678
223 299 305 385 424
621 273 1261 354 -onnrnarrounr

179 421 409 525 precisoque
434 440 521 519 pata
551 416 663 516 podet
687 414 768 495 usar
791 419 847 495 sos
872 413 1053 514 religiosos
1077 417 1122 492 de
1148 415 1302 515 aquellas
1326 376 1526 512 provincias
1559 409 1609 492 de
1636 442 1735 521 qne»

178 530 229 602 les
252 526 353 625 quiet
378 520 587 620 privilegius
611 520 658 596 de
683 518 984 610 nordemannos,
1003 518 1187 616 presenten
1208 519 1361 619 primero
1384 543 1467 594 ante
1491 518 1727 599 nuestrasau·

179 626 336 703 dieucias
360 627 415 702 lus
441 624 600 702 motitos
627 648 650 719 y
676 622 823 707 causas,
848 645 916 722 que
940 624 989 695 les
1015 621 1159 719 obligan
1185 626 1206 694 a
1241 618 1410 697 nombtar
1433 621 1551 711 jueces
1587 620 1725 700 consu·

180 726 362 821 sudores,
394 747 550 826 panaque
585 722 689 801 tisias
725 749 749 820 y
781 726 1010 801 examinadas
1045 725 1098 798 las
1123 723 1336 822 aprueben‚
1370 720 1397 796 ὸ
1430 746 1481 797 no
1513 720 1725 801 eonfientan

179 827 259 905 usar
283 829 328 904 de
353 829 462 920 ellas,
487 854 511 922 y
538 827 711 902 conviene
736 852 802 925 que
827 826 921 902 esten
948 850 1019 899 con
1044 825 1176 901 mucha
1215 824 1404 923 vigilancia
1431 849 1453 917 y
1492 826 1723 905 attencioni

179 954 229 1005 no
253 930 317 1005 dar
341 931 442 1028 iugar
468 928 490 1002 ri
515 931 570 1002 los
596 930 882 1003 inconvenientes
906 952 930 1021 y
954 925 1183 1018 escandalos‚
1206 953 1274 1024 que
1300 947 1426 1000 contra
1463 925 1498 998 sa
1532 927 1718 1004 intention

181 1030 227 1106 de
251 1028 303 1107 Su
326 1030 525 1122 Santidad‚
553 1056 576 1125 y
603 1055 673 1105 con
698 1024 852 1105 srniestra
877 1031 1153 1125 interpretation
1177 1032 1223 1105 de
1249 1032 1300 1103 las
1325 1030 1433 1102 letras
1459 1026 1494 1103 se
1524 1028 1604 1103 han
1630 1028 1720 1125 espe·

181 1133 384 1209 rimentado
408 1156 475 1231 por
498 1135 533 1234 la
563 1132 758 1207 tolerantia
794 1133 839 1205 de
863 1128 1018 1207 nuestras
1044 1131 1260 1207 Audiencias
1283 1181 1295 1218 ,
1322 1125 1491 1226 passando
1518 1130 1574 1203 ios
1610 1130 1719 1219 jueaes

179 1232 450 1313 couietradores
472 1233 497 1308 a
520 1234 686 1331 procedet
711 1252 838 1325 contra
866 1234 918 1307 las
943 1229 1108 1329 personas
1132 1232 1178 1305 de
1202 1234 1257 1306 los
1282 1226 1433 1325 Ouispos
1457 1255 1481 1323 y
1507 1230 1716 1323 deponerlos

179 1336 224 1414 de
248 1332 288 1411 su
311 1336 507 1435 dignidad3
534 1337 747 1412 ordenamus
771 1360 794 1428 y
820 1334 1034 1408 mandamus
1060 1333 1082 1407 a
1107 1332 1264 1416 nuestras
1289 1330 1419 1407 Reales
1446 1330 1718 1423 Audienciasde

180 1438 233 1512 las
259 1437 403 1529 Indias,
426 1461 494 1535 que
518 1461 584 1533 por
608 1438 744 1534 ningun
769 1438 880 1510 modo
905 1432 1136 1527 constentan,
1173 1459 1240 1535 que
1267 1458 1331 1532 por
1358 1432 1476 1506 vittud
1501 1432 1550 1509 de
1588 1435 1715 1534 ningun

180 1539 364 1639 privilegio
389 1538 561 1613 nombren
585 1541 696 1626 iuezes
721 1534 991 1614 conserradores
1026 1558 1152 1610 contra
1180 1540 1233 1611 las
1269 1524 1434 1632 personas
1458 1555 1503 1607 oe
1528 1534 1585 1610 ios
1622 1532 1718 1612 Obii-

179 1666 242 1739 pos
266 1666 289 1734 y
315 1637 544 1737 Arzobispos.
580 1638 640 1715 De
676 1660 805 1714 caetero
831 1637 1028 1734 pontificali
1062 1637 1239 1734 dignitate
1275 1635 1412 1732 praediti
1448 1638 1611 1733 exempti
1646 1663 1713 1715 non

179 1741 260 1818 sunt
286 1742 331 1816 de
355 1741 428 1830 jure
453 1742 637 1816 communi
664 1741 684 1814 d
710 1737 945 1830 jurisdidiione
964 1736 1276 1830 conservatorum,
1303 1759 1342 1810 ut
1368 1731 1583 1833 supponitur
1610 1764 1712 1839 capa.

179 1849 233 1919 De
255 1842 309 1933 off.
329 1844 404 1940 jud.
431 1843 528 1943 deleg.
552 1843 589 1916 in
613 1849 674 1934 6.,
699 1842 758 1919 ubi
783 1839 957 1918 modestia
981 1844 1018 1919 ὃ(
1042 1841 1238 1918 reverentia
1274 1839 1575 1933 commendatur,
1610 1868 1713 1941 quan·

177 1945 228 2020 do
254 1945 390 2044 aliquid
412 1967 459 2018 eo
482 1943 556 2034 iure
581 1965 709 2018 contra
732 1941 924 2120 Episcopos
950 1944 1184 2037 incoeptatur.

230 2050 338 2135 (xit)
366 2042 514 2143 Prosperi
536 2043 731 2140 Cafirreili.
824 2062 878 2122 tat
902 2043 1006 2134 hujus
1031 2042 1175 2119 Notatii
1209 2040 1455 2119 Munitorium
1480 2067 1562 2127 cunr
1598 2050 1714 2147 omni

176 2145 240 2243 hus
266 2147 311 2227 ad
337 2142 481 2221 causam
506 2147 838 2245 angelopolitanam
863 2144 1098 2246 speuanribus
1123 2147 1162 2220 in
1186 2143 1321 2243 scripto
1344 2148 1506 2223 romanis
1529 2149 1618 2245 typis
1633 2150 1707 2225 e'di·

180 2265 222 2323 ιο
248 2269 345 2321 anno
372 2251 505 2345 1653„
532 2247 590 2322 cui
618 2249 740 2323 titulus
763 2245 813 2322 est
836 2250 997 2339 Proceffiu
1021 2239 1064 2324 dt
1078 2249 1164 2336 finis
1186 2246 1291 2340 cause
1315 2251 1599 2347 angelopolitm.
1634 2248 1712 2327 Cir·

180 2374 225 2427 ca
248 2346 344 2447 quod
369 2346 426 2423 Fr.
452 2340 613 2423 Michaes
640 2352 661 2422 ir
685 2347 722 2421 S.
732 2344 886 2445 josepho
913 2346 1062 2421 Ordinis
1085 2346 1148 2423 SS.
1167 2348 1359 2427 Trinitatis
1386 2356 1465 2441 (a)
1493 2346 1613 2447 postea
1635 2350 1711 2450 Epi·

176 2448 304 2551 scopus
324 2448 519 2526 Accitanus
543 2447 604 2527 seu
627 2446 860 2529 Guadixenfis
884 2447 990 2526 habet
1016 2447 1219 2548 sequentia:
1241 2456 1352 2527 Breve
1378 2451 1615 2540 (Innocentii
1638 2454 1707 2543 X.)

180 2578 245 2652 pro
270 2547 304 2627 se
329 2550 534 2652 expeditum
557 2550 687 2629 Noster
712 2548 990 2642 (Iispanfor)
1013 2552 1164 2627 minime
1189 2551 1393 2630 dubitavit.
1415 2552 1530 2655 quue
1550 2552 1705 2633 consiste

178 2654 317 2733 videtur
341 2674 389 2732 ex
415 2651 472 2727 M.
496 2653 560 2747 S.,
584 2655 642 2729 cui
670 2653 792 2730 titulus
817 2653 868 2729 est
892 2657 1163 2754 Angelopoiitana
1189 2655 1363 2756 produdo
1387 2657 1427 2733 in
1451 2658 1707 2761 Congregatio-

177 2780 224 2835 ne
249 2752 325 2831 ΒΕ.
350 2750 430 2829 CC.
454 2758 490 2832 ὅ(
514 2761 535 2830 a
560 2752 613 2830 D.
638 2751 777 2849 joanne
797 2754 961 2855 Magano
984 2752 1198 2857 subscripto,
1226 2759 1363 2861 inquo
1388 2762 1464 2839 ada
1489 2760 1601 2841 nostri
1622 2758 1707 2837 Prn-

175 2854 260 2934 sulis
284 2874 475 2931 narrantur
497 2860 536 2933 dt
559 2851 817 2933 defenduntur.
843 2856 1082 2938 Continentur
1115 2858 1199 2938 sane
1224 2863 1332 2963 longe
1370 2862 1529 2956 diversa,
1555 2866 1637 2951 imo
1674 2867 1711 2945 dt

176 2958 359 3035 contraria
385 2959 424 3031 in
449 2958 523 3033 alio
547 2956 677 3058 scripto
700 2960 829 3037 Romae
854 2961 1054 3063 composito
1079 2987 1175 3040 anno
1204 2971 1315 3062 1653.
1342 2965 1404 3042 sub
1442 2966 1547 3043 titulo
1584 2962 1708 3061 Protes-

77 3136 88 3171 Χ
170 3056 232 3167 sits
256 3054 395 3149 &finis
419 3057 520 3153 cause
544 3061 829 3161 angelopolitanae.
853 3064 925 3151 Ser
948 3062 1015 3149 nist
1040 3061 1178 3142 fallitur
1203 3068 1335 3144 author
1360 3065 1532 3147 Historia
1567 3064 1708 3165 Joannis

91 3182 104 3267 'p
176 3161 223 3237 de
248 3157 401 3235 Palasox
427 3158 593 3261 Episcopi
617 3164 910 3263 Angelopolitani
937 3170 973 3243 dt
1011 3165 1127 3266 postea
1153 3166 1405 3263 oxomensis,
1428 3167 1576 3270 ejusque
1599 3172 1704 3249 lirim

89 3252 95 3273 ⁴
176 3259 1190 3465 ‘iitqiidirhiiigi'psssmiidssffiiiihhgiiffih'hi
1200 3274 1704 3455 ²n²2s⁰n3s⁹3nhh

176 3392 401 3544 iibliotheca
425 3461 625 3544 Universali
650 3464 781 3543 Clerici
810 3469 997 3564 tom.18.,
1022 3398 1429 3574 praefuturi-seriphum,
1456 3479 1557 3579 quod
1582 3430 1698 3569 ’totns

175 3562 326 3649 Bullarii
351 3562 595 3667 Lugdunensis
619 3569 640 3642 i
665 3566 728 3643 fol.
758 3567 844 3665 289.
872 3573 918 3646 ad
943 3591 1033 3670 300.
1059 3570 1148 3666 suit,
1174 3577 1211 3651 in
1238 3574 1360 3654 indice
1384 3578 1564 3657 librorum
1587 3576 1697 3681 prohi-

176 3668 333 3745 bitorum
358 3670 442 3745 anni
471 3668 581 3767 1683.
621 3669 709 3758 jussu
735 3666 937 3748 innocentii
963 3672 1052 3753 xl..
1072 3676 1248 3754 invenitur
1281 3681 1518 3778 erpunsium.
1553 3678 1613 3761 De
1634 3678 1699 3755 hae

176 3766 280 3845 causa
306 3770 592 3871 angelopnsitana
617 3795 692 3846 non
719 3773 769 3848 ita
796 3773 931 3873 pridem
955 3797 1102 3875 egerunt
1130 3782 1322 3876 anonymi.
1346 3782 1556 3861 Bibliotheca
1581 3788 1702 3884 Magna

173 3871 392 3962 Ecclefiasticae
418 3872 585 3951 authores
608 3870 794 3951 occasione
818 3876 1019 3954 recensendi
1046 3876 1172 3977 scripta
1198 3881 1352 3959 Antonii
1377 3884 1529 3961 Arnaldi
1557 3905 1648 3965 torn
1672 3907 1702 3959 t.

174 3974 197 4049 d
229 3999 310 4076 pag.
347 3983 459 4070 602„
494 3974 553 4052 sed
587 4003 633 4052 an
669 3976 765 4052 bono
789 3980 860 4068 fine
896 3978 1044 4057 dubito.
1081 3978 1270 4083 Hucusque
1303 3980 1363 4061 111.
1399 3984 1704 4087 Bibliographus:

173 4101 278 4175 quem
306 4075 419 4175 ipsum
444 4076 526 4152 vide
549 4076 617 4167 (b)
644 4078 688 4154 de
715 4081 903 4174 anonymis
927 4078 1134 4158 Bibliothecfe
1153 4088 1287 4184 Magne
1317 4086 1544 4177 Ecclefflicae
1582 4088 1707 4167 autho-

173 4178 268 4252 ribus
293 4177 463 4263 judicium
499 4174 693 4253 serentem.
730 4176 823 4256 Vide
857 4180 968 4261 etiam
1003 4180 1060 4259 111.
1088 4181 1257 4265 Battiam
1283 4192 1350 4281 (c)
1380 4189 1418 4265 in
1452 4190 1706 4273 Additionihus

103 4326 106 4330 »
175 4277 221 4353 ad
245 4273 372 4351 Pinelli
399 4273 683 4355 Bibliothecam.

276 4372 527 4454 Resolutiones
550 4381 596 4456 de
622 4402 749 4462 cetero
774 4390 810 4465 dt
833 4382 944 4463 Breve
970 4392 1293 4489 innocentianum,
1327 4421 1400 4495 quo
1437 4396 1626 4473 terminata
1651 4390 1705 4471 est

170 4477 274 4559 causa
302 4482 591 4582 angelopolitana
616 4541 628 4578 ,
664 4506 705 4562 ut
730 4484 830 4586 supra
869 4491 905 4563 in
930 4493 1112 4591 epitomen
1136 4498 1276 4573 sedada
1302 4497 1419 4590 sunt,
1456 4498 1563 4577 tetuli
1588 4521 1634 4573 ex
1659 4520 1709 4572 eo

169 4585 265 4685 quod
288 4585 469 4662 invenitur
490 4582 614 4686 passim
640 4588 678 4667 in
703 4588 913 4667 authoribus
935 4595 1090 4691 partium
1114 4594 1230 4675 studio
1266 4598 1414 4695 stheus,
1451 4601 1532 4679 imo
1565 4605 1604 4679 δι
1626 4599 1712 4700 Epi·

1546 4700 1663 4802 scopo

167 4816 1098 4850 —a--m---ub

207 4950 263 5020 (a)
283 4957 333 5014 Fr·
351 4955 439 5016 Miri.
459 4978 480 5016 a
499 4962 528 5018 S.
547 4959 609 5026 Jos.
626 4957 698 5017 Bibi-
719 4960 792 5018 Crit·
812 4962 845 5017 V.
863 4959 997 5021 Palaion·
1036 4963 1099 5035 (b)
1120 4964 1169 5026 u.
1185 4982 1250 5027 tm.
1266 4987 1290 5024 r.
1310 4969 1417 5029 Procne·
1437 4987 1582 5044 ntem-31.
1596 4980 1642 5033 Ψ
1666 4991 1709 5043 5²·

208 5027 263 5099 (c)
284 5032 404 5099 Epiren-
422 5033 459 5094 de
477 5037 510 5095 la
530 5034 602 5096 sut.
618 5055 662 5095 er.
681 5044 743 5097 tre.
762 5038 869 5098 Prorm·
889 5054 955 5100 tens.
980 5058 1009 5099 r.
1379 5066 1383 5073 ·
