3864 5686
378 341 431 418 44
914 313 1269 393 ratri

190 522 194 532 .
294 540 296 544 ,
332 460 425 535 lina.
452 456 607 536 Duobus
632 450 837 534 fluminibus
862 477 959 532 nova
985 453 1143 542 Colonia
1171 449 1493 548 circumscribitur,
1511 454 1666 534 Salanab
1689 457 1866 536 nimirum

327 561 461 637 boreali
475 617 487 654 ,
515 585 555 635 ac
592 557 822 635 meridionali
859 559 1070 636 Alaramata
1087 567 1111 628 '·
1149 554 1265 636 Oram
1291 555 1400 633 habet
1426 558 1517 632 inter
1544 579 1603 656 31.
1631 586 1680 661 gr.
1708 589 1790 639 cum
1815 566 1874 639 di-

328 664 443 738 midio
467 666 593 759 6132.
632 685 685 736 ac.
700 681 763 758 45.
790 658 882 736 min.
905 663 999 753 lat.,
1020 656 1202 759 sexaginta
1226 658 1405 737 summum
1430 657 1653 760 septuaginta
1679 667 1873 764 anglicana

327 765 496 843 milliaria
524 761 727 861 protensam
747 759 830 839 „ln
853 762 1056 843 meditullio
1078 762 1195 860 magis
1218 787 1260 841 ac
1285 764 1402 861 magis
1427 764 1640 860 ampliatur.
1790 820 1793 827 ⁴

1018 864 1173 960 *1737-

301 1063 302 1066 Ν
597 1011 633 1026 --
660 964 981 1062 Flumen-grande.
1009 968 1109 1064 laag.
1140 986 1225 1065 325.
1252 970 1331 1042 aar.
1358 994 1441 1041 mer.
1471 986 1531 1064 31.
1556 1013 1595 1028 --

361 1062 572 1148 'Coloniam
599 1095 620 1144 a
645 1065 957 1149 SS.Sacramento
984 1067 1250 1144 circumdante
1275 1067 1493 1146 Bonaia'rensr
1518 1069 1767 1148 Gubernatore
1790 1072 1865 1148 Mi-

309 1171 457 1248 ‘uhaele
483 1171 658 1263 salcedo,
685 1165 944 1265 venitobselsts
969 1191 1191 1253 commeatus,
1217 1172 1456 1269 auxiliumque
1483 1194 1505 1247 a
1529 1169 1704 1268 Januario.
1727 1175 1865 1261 Flumi-

326 1297 395 1349 ne:
425 1274 524 1374 quod
546 1297 637 1373 cum
655 1271 731 1370 post
755 1272 890 1348 belum
902 1267 1117 1366 accessisset,
1135 1270 1292 1352 solutum
1318 1274 1418 1350 enim-
1439 1293 1517 1352 erat
1542 1272 1740 1369 obsrdium,
1765 1301 1866 1352 novo

321 1373 914 1586 restituistisslltlsl
927 1372 1101 1552 ..liis
1124 1372 1866 1580 illfflssrlltissllffllllr

327 1580 646 1669 denominatione,
673 1584 709 1655 dt
734 1603 757 1655 a
781 1573 962 1657 Lusitanis
984 1577 1056 1651 dici
1082 1574 1171 1655 solet
1196 1576 1373 1672 Paratae,
1394 1579 1440 1656 ad
1465 1581 1560 1672 cuius
1586 1580 1679 1677 ripas
1706 1581 1776 1655 alia
1801 1583 1868 1656 de-

331 1680 414 1756 inde
439 1677 593 1781 praefidia
620 1677 860 1771 edificarunt,
888 1705 909 1756 a
933 1677 1179 1774 manzara,
1199 1679 1235 1760 S·
1246 1680 1410 1774 Amaro,
1438 1706 1459 1759 a
1483 1677 1701 1780 JesusMaria
1728 1684 1779 1756 del
1796 1684 1866 1756 Rin

327 1783 459 1877 Pardo,
485 1786 521 1858 dt
549 1782 596 1857 ad
621 1777 760 1862 flumen
779 1776 946 1882 Jacuim.
968 1779 1047 1856 :Per
1073 1806 1176 1862 oram
1201 1785 1426 1867 maritimam
1458 1808 1528 1884 qua
1554 1777 1688 1859 flumen
1725 1783 1768 1857 ab
1794 1785 1864 1859 Ar·

184 1893 185 1896 ‘
327 1903 438 1982 gento
461 1882 602 1981 respicit
627 1881 701 1958 duo
728 1884 798 1958 alia
823 1884 1026 1958 excitarunt
1052 1906 1073 1958 a
1097 1882 1326 1963 S.Michaele
1362 1889 1446 1967 &a
1471 1885 1508 1959 S.
1529 1884 1700 1961 Theresta
1726 1910 1864 1962 nuncin

327 2006 433 2083 pata:
460 1985 555 2085 quod
583 1983 801 2085 postremum
827 1989 870 2068 δι
888 1983 1094 2161 Αηςοήιιέα,
1119 1991 1157 2065 dt
1180 1989 1211 2061 C
1211 1986 1283 2071 bui
1297 2011 1430 2063 nomen
1456 1985 1628 2063 habett*

333 2126 336 2131 ·
617 2134 619 2139 ,
959 2106 1029 2184 173
1061 2140 1070 2161 ,
1097 2133 1136 2150 ..
1187 2114 1225 2184 9,
1379 2144 1382 2149 .
1619 2145 1621 2149 ,

853 2201 896 2251 4·
921 2187 1272 2283 Australesfserrae,
1292 2234 1337 2260 .-

377 2290 473 2391 Jlrlio
501 2290 611 2390 1738.
639 2310 800 2370 uertente
821 2290 894 2370 duo
918 2290 1106 2370 sociarat-ts
1131 2291 1263 2370 indicae
1286 2295 1429 2391 navigia
1466 2293 1603 2392 gallica
1638 2298 1765 2370 Terras
1789 2303 1865 2373 Au-

320 2392 439 2482 strales-
462 2392 702 2495 specularum,
730 2389 892 2494 pratello
925 2391 977 2470 1).
987 2390 1152 2487 Boubet,
1188 2396 1233 2472 ab
1256 2394 1416 2472 Orientis
1442 2416 1546 2495 portu
1570 2395 1769 2472 solverunt:
1811 2418 1865 2472 at·

327 2507 396 2595 que
427 2517 459 2573 1.
485 2495 566 2593 Jan.
597 2518 708 2596 1739.
733 2495 980 2596 conspicantur
992 2493 1153 2596 sub.54.
1180 2521 1232 2596 gr.
1259 2498 1322 2575 lat.
1348 2499 1473 2573 merid.
1500 2502 1536 2578 dr
1560 2497 1693 2592 sub27.
1722 2518 1785 2573 aut
1798 2499 1863 2576 28.

327 2601 425 2697 long.
454 2598 618 2674 altissrme
644 2599 678 2674 se
703 2601 900 2698 erigentem
926 2617 1058 2676 terram
1082 2598 1163 2674 nive
1201 2601 1330 2680 tetram
1369 2623 1410 2675 ac
1436 2600 1586 2692 nebula,
1624 2625 1731 2698 quarn
1758 2626 1866 2677 voca,

318 2721 413 2788 vrunt
436 2696 777 2780 Promontoriurssa
802 2697 1089 2780 Consolatione..
1107 2699 1234 2794 Gelu,
1263 2701 1437 2801 densaque
1462 2703 1613 2801 caligine
1637 2701 1805 2777 delineari
1832 2726 1855 2775 e

327 2803 525 2900 propinquo
551 2827 631 2882 uon
651 2803 792 2902 potuit,
816 2824 881 2876 nec
907 2799 1048 2877 definiri
1074 2824 1162 2877 num
1187 2800 1321 2896 insula,
1349 2827 1396 2877 an
1415 2803 1608 2876 contineas
1626 2800 1789 2877 habenda
1811 2799 1863 2876 as·

328 2901 400 2981 sert
428 2899 472 2978 ld
497 2928 609 2981 unum
635 2901 860 2987 observarunt
885 2899 934 2982 est
960 2902 1003 2983 ah
1027 2905 1165 2984 oriente
1189 2904 1463 3006 septentrionem
1488 2899 1604 2980 uersus
1625 2901 1756 2979 decem
1794 2920 1858 2978 atu

329 3004 411 3080 otto
436 3005 554 3084 leucas
579 3006 749 3087 extendi,

340 3144 344 3155 .
807 3159 809 3162 Α
1043 3137 1086 3198 ,ἱ
1114 3171 1116 3173 ‚
1186 3148 1189 3153 .
1264 3154 1266 3159 ,

376 3211 449 3290 Sub
475 3214 563 3291 anni
590 3236 701 3315 1740.
730 3216 874 3295 initium
899 3131 1314 3314 Paropoliiiunnarum
1333 3212 1384 3289 est
1408 3214 1561 3311 quinque
1586 3209 1687 3308 supra
1716 3210 1868 3308 triginta

257 3404 258 3407 Ἴ
325 3314 460 3392 insulas
484 3319 591 3393 tariae
613 3322 869 3415 magnitudinis
894 3316 1084 3390 oslendilse·
1103 3317 1138 3388 se
1163 3315 1400 3389 naviculatori
1424 3313 1641 3407 Spanbergio
1669 3315 1713 3386 ad
1739 3313 1867 3388 borea.-

326 3419 406 3491 l'em.
423 3414 584 3511 Japonire
607 3418 783 3511 plagam;.
803 3416 855 3489 ad
875 3437 1027 3509 quarum
1052 3409 1280 3512 conspeslum
1301 3413 1534 3487 commodum
1555 3433 1700 3488 venerat
1726 3439 1809 3487 curn
1827 3415 1866 3488 ci

326 3514 524 3613 procedunt
549 3512 700 3590 obviam
725 3513 785 3588 sex
804 3511 1048 3588 insulanonrm
1072 3513 1210 3607 lembi,
1230 3535 1270 3590 ur
1296 3537 1422 3615 nempe
1445 3514 1520 3612 quis
1546 3510 1628 3590 essct
1655 3516 1789 3589 advena
1811 3516 1866 3590 di·

295 3615 457 3702 =sceren'r
471 3666 488 3687 ..
510 3612 692 3714 Exceptus
721 3612 773 3691 est
806 3613 1072 3714 perhumaniter
1106 3617 1144 3690 in
1168 3640 1212 3693 ca
1250 3619 1288 3691 in
1313 3642 1423 3716 quam
1447 3615 1596 3692 tandem
1630 3614 1864 3692 excessionem

324 3712 414 3792 serit
437 3712 575 3791 insula.
602 3715 663 3794 De
688 3716 871 3815 indigenis.
888 3716 932 3795 id
950 3717 1174 3817 ephemeride.
1199 3720 1329 3811 tradit,
1356 3717 1423 3794 else
1448 3709 1507 3794 etis
1545 3719 1708 3794 videlicet
1753 3715 1868 3817 Japo·

323 3817 428 3893 nibus
451 3816 673 3920 fimillimos,
700 3817 830 3919 sibique
857 3818 1035 3895 abiisdem
1062 3841 1234 3918 magnum
1254 3821 1330 3896 acris
1348 3821 1491 3919 aurique
1517 3822 1654 3918 pondus
1678 3816 1864 3894 essemom

290 3961 293 3964 <
327 3917 733 4024 strantsziciturque
759 3941 857 4003 certa
882 3947 1009 3998 eorum
1034 3920 1251 4000 numismata
1278 3920 1440 3999 Czarinae
1476 3919 1624 4000 misisse.
1648 3917 1744 4017 ,an
1778 3944 1868 4000 vero

323 4024 447 4125 gradu
463 4023 523 4101 ha
545 4022 671 4102 insuta
690 4023 764 4100 fita
788 4022 881 4119 sust,
907 4024 1071 4102 nondum
1092 4023 1142 4101 est
1167 4026 1375 4124 vulgariam.
1478 4082 1482 4090 -

1042 4151 1055 4201 1
1093 4150 1153 4203 12.

378 4228 394 4260 ¹¹
422 4226 652 4304 Academicis
677 4224 973 4327 speculationibus
999 4149 1172 4307 institistis
1189 4253 1286 4307 anno
1302 4237 1426 4328 17360
1463 4229 1541 4306 lroc⁴
1561 4250 1658 4306 anno
1692 4227 1778 4305 finis-
1798 4230 1868 4305 im-

326 4325 463 4428 positus
490 4329 542 4405 est
567 4332 605 4404 in
629 4326 765 4424 Qtito.
792 4327 973 4408 Destinati
999 4327 1141 4407 suerant
1176 4335 1236 4430 qui
1262 4355 1323 4408 eas
1347 4332 1504 4409 facerent
1528 4355 1550 4408 e
1574 4329 1741 4432 Laponia
1768 4329 1864 4408 DD.

318 4429 534 4524 Cleireaut,
561 4429 719 4524 Carnus,
747 4433 781 4508 le
806 4430 1000 4528 Monnier,
1042 4439 1078 4511 dr
1102 4431 1195 4510 Mau
1238 4440 1356 4526 rtur„
1374 4433 1496 4533 quibus
1523 4433 1635 4509 additi
1658 4430 1753 4511 ¹sunt
1777 4432 1869 4509 socii

327 4529 609 4624 DD.Outhier,
635 4539 671 4610 dr
695 4531 829 4611 Celsius
856 4534 1094 4610 Astronomiae
1118 4561 1181 4632 pro
1197 4533 1285 4610 essor
1308 4535 1470 4635 Upsalae.
1499 4535 1555 4610 Ab
1578 4557 1867 4637 aquatorecon·

332 4649 389 4709 tra
417 4636 477 4734 qui
504 4634 762 4732 specularentur
786 4633 969 4736 desrgnati.
984 4638 1064 4718 sunt
1090 4634 1190 4715 DD.*
1208 4636 1371 4731 Godin,
1389 4636 1552 4736 Bouger,
1590 4664 1632 4713 ac
1658 4640 1692 4713 la
1718 4633 1872 4711 Conda-

328 4738 450 4831 mine,
475 4737 609 4838 quibus
624 4735 838 4816 accesserunt
854 4737 1011 4838 Hispani
1026 4738 1416 4840 ⁴Georgius-‚luamdt
1440 4740 1621 4817 Antonius
1646 4735 1778 4816 Ulloa.
1817 4736 1870 4814 Id

329 4858 416 4917 tero
434 4839 586 4916 tandem
611 4840 656 4917 de
681 4839 793 4942 figura
818 4842 912 4919 orbis
937 4840 1136 4921 conse-erum
1162 4841 1238 4933 est,
1261 4844 1446 4941 aquatoris
1473 4843 1607 4931 scilicet
1643 4840 1873 4918 d'umetrum

314 4939 603 5020 ducentesimam
630 4962 767 5042 partem
793 4941 859 5020 elie
886 4968 951 5019 axe
977 4944 1169 5035 majorem.
1198 4942 1250 5019 D.
1270 4944 1449 5044 Georgius
1484 4940 1578 5039 Juan
1617 4944 1671 5020 aie
1693 4943 1870 5020 excedere

328 5040 526 5124 castellanis
546 5046 638 5127 utus
664 5041 793 5148 63518
819 5043 866 5140 ξ.
893 5041 983 5145 Qrae
1008 5047 1107 5150 super
1131 5045 1211 5136 haee
1232 5050 1418 5151 explorata
1430 5044 1533 5141 sunt,
1560 5047 1673 5146 incidi
1696 5063 1870 5223 curlar.unt

1692 5172 1758 5250 exp
1772 5173 1817 5222 o·
