3864 5686
564 323 1069 407 Anosrotrcn.
1122 293 1402 430 1450.1563.
1633 254 1745 428 77⁷⁸

192 465 398 569 piscopctns
431 465 469 549 dl
501 458 696 544 Provincias
728 466 893 545 Ecclesiae
928 464 1161 544 Catbedrales
1197 486 1381 571 regantur.
1416 461 1524 566 Quod
1550 468 1735 546 credionis

190 572 367 653 statutum
392 595 476 647 cum
499 571 639 670 reliquis
664 572 902 671 approbatum
929 571 950 644 d
974 569 1067 645 Sede
1094 571 1298 672 Apostolica
1333 569 1403 647 luit
1427 597 1489 671 pet
1523 569 1737 649 Ordinatio·-

191 700 307 768 ncm,
327 675 374 750 de
397 699 467 772 qua
493 670 586 750 infra
613 699 710 752 anno
740 699 755 751 r
763 673 849 772 589.
878 693 938 766 27.
965 669 1045 746 oet.
1071 668 1181 770 Quod
1207 673 1409 758 notandum
1433 673 1483 750 est
1509 699 1572 773 pro
1610 673 1650 748 iis
1674 674 1736 774 qui

191 775 457 876 beneplacitum
482 774 713 875 apostolicum
737 777 918 876 requirunt
945 775 992 850 ad
1016 771 1143 850 fimiles
1169 777 1377 852 concordias
1402 781 1438 853 dt
1463 773 1736 870 rransadbiones3

189 904 397 980 quanquam
422 877 450 954 sr
474 878 733 977 beneplacitum
759 879 904 955 aliunde
928 902 1004 952 non
1028 876 1236 970 constaret,
1272 878 1537 978 supponendum
1571 874 1654 954 esset
1681 898 1739 956 tot

191 984 296 1058 annis
321 981 506 1081 postquam
532 979 704 1058 transada
728 1004 782 1056 res
806 978 857 1057 est
881 1004 925 1055 ex
950 980 1107 1057 dodrina
1134 982 1265 1058 tradita
1300 978 1582 1080 aiCastropalao
1620 985 1636 1069 (
1682 985 1736 1072 >.

190 1082 241 1162 Et
275 1086 409 1160 crestio
440 1084 585 1185 quidem
622 1080 881 1160 Mexicanenfis
916 1080 1080 1158 Ecclesiae
1114 1086 1233 1159 multo
1269 1103 1353 1161 ante
1385 1081 1620 1158 Solorzanum
1655 1107 1739 1159 cum

190 1184 266 1263 suis
290 1185 430 1263 statutis
454 1189 621 1262 ordinata
645 1183 719 1262 est.
746 1184 813 1261 Per
837 1184 932 1283 quod
959 1188 1157 1260 occurritur
1180 1186 1276 1261 diuo
1312 1185 1509 1280 Anonyrno
1535 1180 1695 1258 afferenti
1721 1235 1735 1279 ,

191 1289 233 1366 in
258 1288 490 1365 erodionibus
527 1288 584 1363 sex
622 1285 862 1363 Ecclesrarum
895 1283 1019 1360 Metro
1067 1288 1263 1363 litanarum
1298 1293 1334 1364 dt
1372 1306 1432 1384 32.
1457 1283 1736 1362 Cathedralium

132 1414 137 1423 ¹
190 1392 333 1468 niallam
356 1388 433 1466 fieri
460 1390 680 1467 mentionem
717 1391 761 1464 de
788 1387 980 1464 Alexandri
1017 1310 1141 1482 boulla,
1169 1412 1234 1463 nec
1260 1414 1321 1488 per
1351 1388 1422 1486 138
1457 1412 1568 1464 annos
1601 1383 1736 1466 fatiam
1803 1437 1805 1440 Δ

190 1491 261 1572 effi
286 1512 372 1570 cnte
396 1492 580 1569 Solorzani
608 1491 824 1569 editionem.
1514 1534 1519 1543 ·

297 1593 488 1694 Supposrto
512 1619 598 1694 crgo
623 1593 997 1700 deeimffiffliamm
1021 1589 1089 1668 ell'e
1114 1591 1206 1691 Regi
1232 1590 1276 1670 ab
1300 1589 1458 1668 Ecclesia
1483 1592 1635 1669 donatas
1659 1645 1671 1682 ,
1698 1593 1734 1671 dt

189 1698 382 1775 redonatae
406 1695 570 1773 Ecclesris
595 1700 616 1772 it
643 1697 764 1793 Rege,
788 1697 953 1795 quaeritur
980 1720 1028 1771 an
1053 1693 1122 1770 sint
1147 1697 1184 1770 in
1209 1694 1281 1770 ltoc
1305 1691 1397 1772 statu
1421 1695 1517 1769 bona
1543 1693 1692 1770 laicalia
1719 1748 1732 1788 ,

193 1825 242 1876 au
265 1795 594 1898 spiritudini-fise
619 1796 766 1874 laicalia
794 1818 890 1873 tenet
915 1796 1034 1872 Abreu
1058 1796 1177 1895 Opere
1200 1803 1254 1872 De
1278 1798 1505 1887 Vacantihus,
1542 1796 1601 1869 lic.
1637 1792 1733 1870 Cue·

192 1927 238 1979 ua
261 1902 417 1979 Senatus
442 1900 560 1976 Indici
585 1901 675 1975 olim
700 1897 865 1993 Fiscalis,
892 1905 928 1977 dt
952 1901 1010 1972 lic.
1035 1896 1180 1974 Cuellar
1205 1896 1444 1976 Ecclesrarum
1464 1898 1574 1997 partis
1601 1899 1637 1973 in
1658 1919 1735 1972 me

190 2028 336 2082 morata
362 2003 462 2102 super
488 2001 659 2079 Decimae
684 2001 789 2078 causa
825 2022 1026 2101 patronus,
1065 2001 1193 2100 aliique
1230 2002 1334 2075 multi
1362 2002 1454 2100 apud
1490 1996 1611 2075 Fralso
1637 1996 1732 2088 (b).

193 2102 274 2182 etse
299 2104 497 2202 spiritualia
525 2123 647 2183 tenent
673 2105 805 2203 pariter
829 2105 936 2182 multi
961 2104 1072 2177 etiam
1099 2101 1288 2209 Regalistae
1315 2102 1407 2201 apud
1432 2100 1586 2176 eundern
1613 2097 1736 2177 Frasso

192 2209 278 2284 ibid.
302 2203 471 2304 Quorum
495 2204 712 2283 sententiam
736 2203 875 2305 praesert
908 2204 1119 2281 Solorzanus
1159 2209 1195 2281 dt
1218 2201 1396 2301 Qritensrs
1421 2202 1577 2279 Auditor
1612 2200 1734 2300 Lagu-

193 2335 258 2386 nez
281 2309 563 2403 (c).fEande'm
598 2305 675 2414 susi
713 2314 872 2384 tenet&
896 2306 1078 2382 mordicus
1106 2305 1325 2403 .llnonymus
1350 2304 1451 2405 supra
1477 2307 1606 2380 citatus
1640 2304 1734 2378 mul·

194 2430 233 2487 ta
258 2413 405 2488 miscens
431 2407 564 2502 causat,
590 2411 687 2499 cuitu
713 2409 953 2506 patrocinium
979 2404 1140 2506 suscipit,
1166 2410 1287 2484 minus
1312 2405 1535 2497 necessaria,
1563 2411 1599 2482 bt
1623 2405 1732 2480 meti·

196 2511 237 2590 tit
247 2513 432 2616 Regalistis
443 2512 682 2613 displicitura.
709 2510 888 2591 Rationes
914 2512 1092 2610 utrimque
1102 2512 1287 2611 produstas
1314 2507 1535 2587 discutiendo
1554 2503 1729 2585 teletam.

904 2723 936 2809 u
987 2713 1018 2791 1.

569 2923 730 3000 Rationes
750 2947 813 3023 pro
837 2923 1055 2999 Decimarnm
1080 2924 1351 3024 temporalitate.

290 3121 440 3200 Prima.
465 3123 628 3200 Decima
655 3125 841 3199 lndiarum
865 3151 910 3201 ex
933 3151 1006 3224 quo
1030 3127 1123 3225 Regi
1151 3152 1210 3226 per
1235 3122 1446 3202 Pontificem
1467 3123 1608 3200 donatae
1626 3119 1731 3216 sunt,

197 3221 289 3303 ia&
316 3224 399 3304 sunt
423 3228 578 3323 regales,
605 3226 843 3323 temporales,
870 3231 906 3305 dt
929 3223 1101 3302 laicales.
1127 3228 1196 3304 Sed
1221 3251 1304 3302 carn
1329 3227 1541 3324 qualitatem
1575 3225 1731 3314 retinent

195 3322 356 3403 Ecclcsrae
381 3327 584 3403 redonatae.
611 3327 660 3402 Er
684 3354 708 3404 o
734 3327 772 3401 in
796 3327 868 3402 hoc
895 3325 988 3403 statu
1016 3331 1226 3425 temporales
1253 3325 1355 3403 sunt.
1382 3326 1426 3401 ln
1451 3326 1597 3417 majoris
1631 3347 1732 3400 com·

195 3430 443 3526 probationem
469 3429 557 3504 citat
570 3429 636 3505 fra
665 3454 690 3505 o
716 3431 848 3503 multos
874 3426 894 3503 ὲ
918 3429 992 3520 jure
1019 3430 1111 3504 civili
1139 3449 1279 3522 textus,
1301 3453 1458 3528 quorum
1483 3428 1585 3527 pauci
1610 3422 1732 3503 sunt&

193 3553 252 3603 te.
276 3529 380 3607 Citat
406 3529 446 3605 P.
473 3530 616 3607 Molina
642 3531 689 3620 (d
696 3537 714 3622 )
739 3529 883 3608 nonde
908 3531 1055 3608 cumulo
1080 3533 1324 3625 decimarum,
1350 3531 1409 3606 sed
1434 3530 1618 3606 detertiis
1641 3551 1730 3627 quas

191 3627 339 3731 Hispani
365 3653 521 3726 vocant,
547 3634 738 3708 docentem
768 3655 799 3705 r.
826 3633 919 3731 Regi
945 3635 1098 3709 donatas
1122 3631 1337 3710 dPontilice
1363 3630 1519 3732 praecisas
1542 3629 1611 3709 esst
1637 3627 1729 3706 isa·

194 3736 361 3811 cerdotiis
385 3740 421 3812 bt
446 3738 467 3809 ir
490 3735 592 3810 bonis
617 3732 874 3817 ecclesiasticis.
905 3758 939 3807 2.
965 3732 1026 3830 Jus
1053 3737 1130 3810 illas
1157 3736 1351 3833 accipiendi
1377 3760 1452 3811 non
1476 3733 1544 3808 elle
1569 3733 1730 3833 spiritua·

192 3835 225 3908 le
249 3841 287 3914 dt
312 3835 611 3929 ecclesiasticum,
638 3835 697 3911 sed
723 3833 863 3909 laicum
887 3840 924 3912 ἃ
948 3836 1134 3928 saeculare,
1161 3838 1283 3934 Regia
1317 3834 1474 3910 Coronae
1509 3837 1690 3931 proprium
1715 3882 1729 3926 ,

191 3933 263 4015 five
289 3940 575 4037 appropriatum.
603 3959 638 4036 3.
662 3936 760 4012 Cum
786 3933 944 4010 concessa
972 3935 1117 4024 santius
1155 3938 1242 4011 illud
1268 3935 1422 4012 &bona
1449 3934 1540 4030 Regi
1576 3933 1648 4008 stne
1674 3956 1728 4007 te·

191 4036 389 4133 liridiiorte,
412 4059 475 4116 aut
496 4040 733 4139 prohibitione
751 4039 999 4129 alienationis,
1019 4039 1109 4112 sada
1133 4034 1377 4127 concessione,
1399 4060 1474 4108 non
1492 4033 1610 4109 minus
1629 4057 1729 4107 cotn-

192 4161 308 4235 petere
333 4143 424 4240 Regi
451 4143 496 4217 de
522 4139 668 4240 praefato
692 4141 767 4232 jure
791 4138 1000 4236 disponere,
1025 4165 1135 4238 quam
1160 4141 1204 4216 de
1232 4139 1310 4215 aliis
1334 4136 1488 4217 Coronat
1512 4134 1644 4224 juribus
1665 4151 1729 4212 aut

192 4239 315 4314 rebus.
339 4267 377 4338 4.
403 4239 586 4344 Qidquid
612 4268 672 4343 pet
696 4266 853 4318 errorem
880 4244 994 4340 praxis
1019 4243 1234 4334 obtinuerit,
1260 4243 1406 4340 eosqui
1440 4261 1654 4340 quocunque
1680 4237 1728 4314 ti·

194 4343 275 4417 tulo
300 4344 321 4419 d
345 4345 444 4442 Rege
470 4369 608 4443 partem
633 4345 765 4433 jurium
788 4368 911 4418 earum
935 4344 1155 4420 decimarum
1174 4343 1417 4435 obtinuerint,
1445 4368 1519 4416 non
1546 4340 1657 4417 teneri
1681 4338 1729 4414 ad

192 4445 493 4523 contributionem
518 4446 655 4523 fitbsrdii
682 4448 777 4543 quod
801 4445 956 4544 Regibus
981 4446 1025 4519 de
1050 4448 1151 4521 bonis
1175 4444 1397 4521 ecclesiarum
1422 4444 1590 4520 solvitur.
1623 4439 1729 4521 Citat

195 4543 387 4650 Salgadum
407 4555 478 4640 (ι)
503 4551 700 4628 dicentem:
714 4554 787 4643 ‚lus
812 4549 1026 4646 percipiendi
1052 4550 1209 4626 decimas
1231 4549 1289 4625 uel
1315 4549 1404 4623 alios
1428 4545 1558 4626 stulius
1578 4569 1619 4621 ac
1646 4567 1727 4642 pro·

1594 4671 1679 4726 ven

232 4915 287 4982 (nl
306 4920 430 4987 Ca'rnp.
445 4919 552 4978 Tradi.
566 4940 611 4974 n.
637 4917 773 4991 diripiam
792 4919 880 4980 Punt.
893 4935 939 4983 15.
1021 4916 1071 4987 (c)
1091 4922 1247 4986 tagum,
1267 4919 1349 4977 Part.
1371 4937 1398 4971 a.
1417 4918 1461 4972 De
1480 4912 1603 4974 Frusiib.
1624 4932 1726 4978 cam.

1021 4994 1080 5064 (d)
1100 4997 1233 5060 Molina,
1253 4995 1337 5052 Tem.
1351 5018 1378 5063 3·
1398 4993 1726 5062 DeJust.D.663·n.9.

193 4988 219 5054 ᾖ,
232 5011 275 5144 sb
283 5012 430 5147 ἴῗαῇ,
448 5072 532 5136 Tm.
555 5087 582 5134 t.
601 5093 664 5144 cap.
686 5078 736 5130 tl.
949 5045 964 5130 l
1020 5072 1078 5142 (e)
1098 5069 1753 5142 summer.noesmttecm.141..1
