3864 5686
270 355 342 433 172
572 298 574 303 ⁵
697 325 1349 440 Onntttarto'uts'

214 473 361 565 objeaio
387 487 513 549 contra
550 468 873 565 nomenatus
907 473 1117 548 authorem:
1156 471 1310 546 Ecclesia
1336 471 1497 546 nondum
1536 469 1752 572 dispensavit

217 597 257 650 ut
281 573 379 650 socer
403 577 512 648 ducat
536 599 686 649 nurum.
712 575 782 650 Sed
805 575 877 650 hoc
901 600 976 649 non
998 574 1127 671 probat
1153 573 1333 671 potcstatis
1357 571 1551 650 defessum.
1580 577 1749 673 Pago..)

216 675 396 764 Maiorem
423 675 581 752 admittit
606 674 646 750 P.
671 677 831 754 Sanchcz
854 683 953 769 (a),
979 681 1014 752 St
1040 676 1246 768 Minorem,
1283 678 1369 751 dum
1395 685 1459 773 pto
1483 676 1586 753 causa
1628 703 1754 779 perpe·

216 777 282 853 tub
308 799 444 877 negatae
462 776 733 874 dispensationis
771 778 924 877 assignat
956 803 1126 875 magnam
1163 778 1243 851 talis
1280 777 1432 874 conjugii
1467 779 1753 873 indecentiam,

215 880 361 1057 lthatando
386 906 461 956 non
487 883 727 980 preponderat
755 885 824 956 alia
859 883 982 956 tatio.
1020 877 1131 975 Quod
1155 882 1265 954 etiam
1302 884 1340 954 in
1364 877 1483 955 nostro
1508 881 1589 954 casu
1614 883 1754 958 locunt

265 981 345 1057 bete
394 981 504 1057 otest.
722 979 726 986 ’
1160 1002 1164 1013 ·

319 1009 391 1158 Adp
407 1085 440 1158 8.
467 1083 558 1159 Tale
584 1085 788 1180 conjugium
815 1081 1050 1158 abominabile
1075 1083 1125 1159 est
1151 1083 1241 1183 apud
1266 1103 1423 1180 gentes,
1439 1103 1516 1158 tum
1542 1083 1754 1158 occastona·

216 1185 298 1260 liter
333 1187 432 1275 juxta
470 1209 580 1282 nuper
615 1186 706 1260 dina
733 1211 776 1259 ex
802 1185 854 1260 D.
880 1186 1062 1277 Thoma,
1098 1206 1177 1268 tum
1207 1187 1316 1259 ctiam
1353 1185 1440 1258 dum
1473 1186 1571 1258 nulia
1608 1184 1757 1261 ratione

185 1322 188 1326 >
220 1287 467 1376 contrahitur,
503 1288 557 1361 vel
583 1287 669 1361 dum
704 1286 928 1361 contrahitur
966 1307 1090 1361 contra
1116 1286 1393 1384 prohibitionem
1430 1308 1492 1361 aut
1526 1285 1758 1361 consuetudi·

216 1413 324 1479 nem,
351 1386 377 1460 fi
402 1387 668 1485 quamhabent
697 1391 735 1462 in
760 1387 829 1462 suis
854 1388 1001 1486 gentiles
1026 1389 1179 1484 legibus.
1207 1385 1459 1463 Uni-versalitas
1486 1389 1523 1460 in
1548 1388 1666 1463 Sacris
1692 1390 1756 1462 lit·

217 1490 300 1562 teris
325 1487 411 1586 saepi:
438 1488 607 1586 accipitur
630 1487 817 1588 respedlive
843 1489 888 1563 ad
914 1511 1033 1586 gentes
1057 1488 1184 1585 Judaeis
1211 1489 1499 1580 circumvicinas,
1524 1488 1758 1585 easptaeser-

142 1646 144 1650 ψ
219 1592 286 1666 tim
312 1592 433 1684 quibus
461 1615 544 1665 cum
572 1593 703 1688 populo
728 1591 802 1666 Dei
828 1613 1005 1684 reserat,
1033 1614 1072 1664 ut
1098 1589 1352 1688 exposttoribus
1376 1613 1503 1665 notum
1530 1590 1605 1681 est,
1633 1598 1670 1667 ὃ(
1694 1616 1757 1686 pa-

221 1713 271 1767 tet
298 1690 385 1766 Luc.
416 1716 453 1765 2.
487 1715 544 1782 1.,
568 1691 625 1766 ubi
654 1693 747 1767 orbis
785 1690 989 1768 universitas
1026 1692 1128 1769 stmili
1155 1691 1369 1784 testtidione
1407 1691 1641 1788 intelligenda
1667 1691 1756 1767 est.

220 1797 279 1869 Ad
303 1818 340 1888 9.
367 1792 517 1875 Consttn
543 1816 585 1866 ex
610 1796 727 1868 dietis.

322 1896 381 1969 Ad
410 1918 469 1968 10.
495 1893 712 1992 Praeceptum
738 1917 815 1970 erat
848 1896 1010 1985 iudiciale
1038 1897 1082 1970 ad
1120 1920 1244 1996 pacem
1269 1901 1304 1973 b(
1340 1896 1510 1970 unionem
1548 1897 1669 1991 populi
1698 1891 1750 1971 fa·

221 1999 336 2089 ciens,
358 2001 399 2071 bt
420 1997 669 2094 nuperajebat
695 1997 929 2096 Augustinus.
957 1997 1131 2096 Praecepta
1159 1999 1241 2072 verb
1281 1995 1449 2086 ejusmodi
1486 1995 1677 2072 commod&
1703 2020 1755 2073 re·

223 2096 405 2187 seruntur,
432 2099 587 2195 quandiu
614 2101 756 2195 vigent,
784 2100 829 2174 ad
854 2099 1101 2196 Decalogum,
1122 2099 1208 2174 stcut
1236 2119 1405 2195 ptaecepta
1427 2100 1680 2195 ceremonialia
1700 2112 1754 2174 r'et

224 2200 306 2274 duci
333 2197 471 2297 possunt
498 2200 543 2275 ad
571 2200 739 2291 tertium,
765 2203 820 2274 vel
846 2203 957 2275 etiarn
984 2206 1030 2275 ad
1055 2203 1207 2298 primurn
1233 2201 1434 2295 Decalogi.

328 2301 386 2374 Ad
407 2324 479 2374 st.-
501 2299 562 2377 De
587 2302 720 2392 majore
746 2302 909 2378 dubitare
935 2303 1010 2400 quis
1036 2301 1145 2400 posset
1166 2324 1314 2402 ‚propter
1341 2301 1597 2376 authoritatem
1635 2302 1759 2397 Augtrz

226 2399 306 2477 dini
334 2401 423 2491 (b):
449 2403 489 2475 Si
513 2404 574 2477 vir
601 2407 775 2494 &sutton
801 2402 889 2478 sicut
915 2403 1096 2478 Dominus
1137 2406 1248 2494 dicit,
1274 2429 1347 2476 non
1374 2403 1447 2492 jam
1473 2403 1565 2494 duo,
1600 2400 1659 2477 se'd
1686 2424 1759 2477 una

227 2528 312 2579 caro
337 2502 410 2588 est,
438 2528 511 2577 non
538 2504 650 2601 ⁴⁴aliter
675 2529 782 2579 nutus
807 2503 856 2580 est
890 2505 1223 2602 deputandaquam
1240 2507 1319 2595 filia
1343 2560 1351 2576 .
1378 2503 1461 2577 Hoc
1488 2525 1608 2579 autem
1646 2500 1760 2600 potest

226 2606 376 2702 intelligi
414 2605 532 2702 quoad
559 2602 718 2680 effessum
754 2607 942 2680 dirimendi
969 2610 1277 2696 matrimonium,
1316 2608 1470 2703 quandiu
1508 2608 1632 2680 vixerit
1667 2627 1760 2679 uxot

225 2704 357 2797 soceri,
385 2729 444 2782 aut
472 2708 620 2785 maritus
646 2705 785 2782 nurils.
822 2708 882 2782 De
909 2727 1036 2782 caetero
1060 2734 1172 2783 nexus
1204 2707 1410 2799 affinitatis,
1437 2710 1548 2804 qualis
1584 2705 1633 2782 est
1657 2707 1761 2798 hic,-

224 2811 345 2881 minor
368 2806 417 2881 est
442 2833 551 2904 quam
575 2807 913 2906 consanguinitatis.
940 2808 987 2885 Et
1013 2810 1057 2885 de
1085 2809 1279 2884 infidelibus
1304 2809 1384 2883 sunt
1421 2810 1534 2907 plures
1571 2807 1761 2882 America-

224 2912 285 2999 ni,
311 2910 558 3006 quibusmulla
584 2909 628 2985 de
658 2936 750 2986 nexu
776 2908 960 2984 affinitatis
997 2911 1145 2986 habetur
1186 2913 1305 3001 ratio,
1341 2914 1450 2984 utdc
1475 2897 1701 3006 hbiponibus
1724 2908 1766 2983 in

223 3009 437 3107 Paraquaria
466 3008 612 3089 testatur
636 3009 675 3084 Ρ.
704 3009 872 3108 Joscphus
897 3011 1039 3110 Brignel
1066 3015 1230 3111 antiquus
1256 3014 1398 3086 illorum
1425 3010 1682 3086 miffionarius.

327 3107 432 3188 Unde
460 3108 618 3188 concessa
645 3114 728 3201 maj.
756 3139 848 3209 nego
874 3117 961 3188 min.
990 3117 1107 3212 quoad
1140 3139 1169 3188 1.
1197 3143 1228 3211 p.
1255 3111 1386 3209 Qroad
1417 3138 1449 3186 2.
1476 3115 1663 3204 concedo,
1685 3136 1766 3191 nott

103 3262 104 3266 =
223 3215 408 3308 expedire,
444 3235 484 3289 ut
510 3212 723 3309 dispensetur
760 3236 901 3312 propter
927 3219 1080 3290 tationes
1115 3215 1280 3290 videndas
1309 3217 1401 3310 apud
1437 3213 1546 3288 Card.
1572 3216 1618 3287 de
1653 3211 1767 3311 Lugo

224 3313 307 3389 ibid.
335 3315 404 3390 Sed
429 3315 520 3390 nihil
545 3314 660 3391 obstat
686 3335 727 3391 ut
752 3317 913 3413 negative
938 3316 1150 3414 dispensetur
1186 3344 1269 3391 cum
1295 3315 1491 3390 infidelibus
1517 3372 1531 3407 ,
1564 3315 1623 3413 qui
1650 3314 1767 3412 bapti·

224 3436 373 3506 zantur,
398 3414 458 3490 seu
484 3418 664 3514 permitti,
690 3438 729 3490 ut
755 3420 793 3491 in
818 3442 864 3491 eo
888 3420 1121 3492 matrimonio
1149 3419 1242 3516 priits
1279 3419 1370 3492 inito
1396 3417 1634 3512 perseverent,
1669 3416 1767 3492 dum·

225 3515 275 3589 est
301 3517 553 3608 incommoda,
581 3517 756 3608 difficilis,
781 3522 817 3596 ἃ
841 3518 1019 3615 neophitis
1044 3545 1131 3617 aegre
1158 3517 1302 3594 serenda
1327 3518 1524 3615 separatio.

327 3616 388 3692 De
423 3617 568 3716 posttiva
607 3617 861 3715 dispensatione
898 3621 989 3694 inter
1022 3618 1139 3695 fideles
1173 3619 1241 3696 suit
1278 3645 1338 3718 pet
1374 3618 1585 3719 Hispaniam
1619 3617 1763 3713 sama,

223 3716 452 3795 Benediaum
476 3719 588 3797 XIII.
618 3721 808 3818 aliquando
834 3720 1069 3818 dispensasse.
1111 3723 1169 3797 De
1194 3749 1261 3821 qua
1289 3720 1385 3796 sama
1414 3720 1506 3796 testis
1531 3723 1584 3797 est
1616 3719 1767 3820 Episco-

224 3845 288 3916 pus
314 3846 377 3920 pto
406 3842 563 3918 tempore
589 3817 869 3920 Paraquariensrs
896 3824 1020 3896 litteris
1045 3825 1135 3898 datis
1165 3846 1220 3921 15.
1248 3824 1344 3920 Sept.
1377 3831 1485 3920 1763.
1512 3822 1570 3896 ubi
1611 3824 1767 3921 inquito

224 3925 275 3996 En
302 3941 421 4018 quanto
449 3928 468 3996 d
497 3925 549 3999 los
575 3921 778 3997 escandalos
796 3924 919 4011 >major
944 3924 1131 3999 escandalo
1157 3950 1193 4000 es
1218 3925 1376 3999 solicitat
1403 3927 1489 3998 tales
1515 3922 1763 4020 dispensas...

212 4048 244 4116 ..y
273 4028 495 4120 pudietamos
523 4052 591 4100 eon
618 4025 690 4099 esto
714 4023 888 4120 dispensat
914 4048 1013 4099 entre
1039 4027 1229 4102 hermanos
1254 4027 1513 4102 emancebados
1537 4049 1582 4098 en
1610 4027 1649 4103 la
1684 4029 1765 4127 opi·

216 4126 313 4205 ‚nion
339 4128 382 4199 de
409 4127 461 4198 ser
488 4125 702 4221 dispensable
728 4125 796 4199 elle
822 4127 955 4223 grado,
982 4153 1089 4204 como
1114 4132 1151 4204 lo
1178 4125 1331 4225 pradicti
1359 4126 1547 4203 Benenato
1574 4125 1684 4202 XIII.
1712 4128 1767 4208 se·

222 4248 293 4317 gun
317 4225 352 4300 se
390 4222 510 4298 refirio
536 4253 574 4298 en
612 4224 764 4322 Espaita.
799 4224 885 4320 Quo
910 4232 1075 4325 loquendi
1103 4232 1214 4306 modo
1249 4232 1293 4304 de
1321 4231 1472 4305 tumoris
1512 4231 1669 4306 veritate·
1744 4250 1764 4306 t

224 4323 436 4443 Hispaniam
475 4329 608 4422 vulgati
645 4351 771 4424 parurn
797 4327 905 4405 fidere
943 4331 1079 4427 videtur
1103 4332 1271 4408 Praelatus
1307 4330 1398 4406 hic:
1431 4357 1545 4433 neque
1581 4356 1653 4430 ego
1688 4257 1767 4410 hiso

169 4610 173 4615 ,
219 4451 472 4605 maglshdtz.
501 4528 544 4604 In
570 4533 692 4607 multis
718 4535 812 4608 venit
839 4530 1079 4610 redificandus
1103 4535 1302 4610 Cardinalis
1339 4536 1382 4609 de
1409 4534 1517 4628 Lugo
1556 4531 1767 4622 obsessionis

223 4630 375 4707 author.
403 4630 521 4707 Verba
560 4633 598 4708 P.
627 4632 763 4708 Acostae
799 4634 900 4777 sunt:
937 4638 1148 4746 Quapropter
1184 4639 1221 4712 in
1256 4635 1425 4712 Concilio
1460 4636 1696 4819 Ριονὶικίῗιείιί1
1718 4664 1763 4718 ex

225 4859 1746 4900 -·-···---·-·······-—----·-e·-·-·-·-···-v····.·-·

50 4497 83 4547 p.

222 4986 441 5130 Cabsbffffcsb
453 4988 777 5135 ifb.²irD;.Mm
797 4988 829 5047 d.
848 5000 896 5047 66.
914 5007 944 5049 n·
966 5009 995 5058 9·
1046 4991 1103 5063 (b)
1124 4995 1204 5064 tAug.
1223 4991 1341 5052 libat.
1361 5010 1456 5056 contra
1476 4998 1629 5068 Faussm,
1657 4997 1713 5056 rel.
1729 4998 1760 5062 th
