3864 5686
549 323 1060 406 Aeosronlcre.
1116 346 1225 426 1500.
1278 335 1388 426 1563.
1607 348 1685 430 s3t

211 463 436 565 reprobatur,
461 462 567 558 idest,
593 465 655 542 sub
679 488 851 565 praetextu
875 468 972 568 quod
996 464 1078 544 fidei
1104 467 1290 545 catholica
1322 481 1478 564 expertes
1511 464 1696 547 existerent
1722 525 1734 565 ‚

208 591 319 666 neque
345 568 516 644 militibus
542 570 685 665 privatis
711 594 793 644 eam
818 569 959 647 causam
986 567 1054 644 srve
1080 590 1286 668 praetextum
1312 565 1411 644 suine
1434 569 1540 668 usque
1567 568 1740 649 adeovul-

211 693 354 768 garem,
380 689 421 745 ut
448 671 491 743 ab
514 668 688 768 Episcopo
714 669 906 769 Chiapenfi
931 671 1158 747 diffamatum
1181 671 1231 747 est
1258 725 1266 744 .

306 769 522 868 Exemplum
547 772 610 847 dat
634 772 763 849 Bernal
789 774 883 850 Diaz
918 772 977 848 del
1010 771 1159 849 Castillo
1184 774 1223 847 in
1257 772 1333 848 haee
1370 770 1474 848 verba
1512 777 1609 864 (a):
1646 780 1738 850 Para

208 870 379 950 desutbrir
403 898 532 949 nuevas
558 876 700 966 uenas,
725 901 748 969 y
772 900 819 950 en
842 877 929 952 ellas
963 877 1119 972 emplear
1143 872 1299 950 nuestras
1333 871 1497 971 personas
1525 928 1536 967 ,
1574 899 1740 976 compra-

207 999 283 1049 mos
307 975 373 1050 dos
398 976 519 1051 navios
543 1000 566 1066 y
590 1001 640 1050 un
666 977 795 1069 burco,
821 1004 887 1078 que
911 977 1077 1051 huvinros
1101 977 1160 1051 del
1183 973 1734 1173 Goberwncon·

206 1076 327 1151 dicion
352 1076 398 1150 de
422 1100 490 1175 quc
516 1079 671 1175 primcro
695 1103 761 1176 que
785 1104 851 1153 nos
876 1079 915 1154 lo
939 1075 1042 1153 dielse
1066 1102 1131 1151 nos
1165 1076 1311 1153 haviam
1518 1077 1526 1091 '
1552 1102 1591 1153 ar
1628 1080 1736 1154 todos

191 1173 254 1253 'los
280 1176 468 1269 soldados,
494 1201 561 1275 que
587 1203 657 1252 con
684 1180 837 1277 aquellos
865 1200 932 1254 tres
957 1180 1081 1254 navios
1104 1178 1288 1254 haviamos
1312 1179 1358 1252 de
1383 1178 1414 1275 ir
1438 1177 1459 1251 ai
1484 1202 1573 1254 unas
1598 1178 1737 1274 isleras,

205 1304 272 1378 que
298 1278 395 1354 estan
421 1300 521 1353 entre
546 1281 582 1352 la
608 1281 671 1354 isla
697 1283 740 1355 de
764 1279 865 1355 Cuba
891 1307 914 1375 y
939 1279 1152 1372 Honduras,
1191 1303 1258 1379 que
1292 1281 1402 1356 ahora
1439 1278 1610 1354 sellaman
1645 1281 1731 1357 delos

205 1382 392 1477 sumaim,
417 1406 441 1475 y
465 1404 532 1477 que
556 1379 740 1455 haviamos
765 1382 810 1457 de
835 1385 865 1455 ir
891 1383 935 1456 de
958 1406 1082 1479 guerra
1110 1435 1121 1472 ,
1146 1407 1169 1473 y
1194 1401 1318 1484 cargnr
1343 1383 1397 1456 los
1432 1382 1555 1457 navins
1591 1382 1636 1457 de
1671 1381 1733 1456 In·

205 1481 281 1556 dios
306 1485 351 1556 de
377 1485 531 1580 aquellas
557 1481 665 1573 Islas,
692 1508 776 1579 para
803 1506 912 1581 pagar
945 1507 1016 1558 con
1051 1485 1140 1559 ellos
1164 1484 1197 1556 el
1222 1482 1330 1557 barco
1356 1536 1368 1574 ,
1405 1507 1490 1578 para
1515 1480 1653 1558 servirse
1688 1483 1737 1560 de

206 1584 293 1658 ellos
320 1607 385 1682 por
411 1582 584 1659 esclavos.
615 1582 647 1657 Y
674 1584 798 1680 desque
825 1583 943 1659 ulmos
968 1584 1023 1658 los
1046 1581 1209 1658 soldados
1237 1607 1339 1681 ,que
1366 1585 1504 1679 aquello
1527 1607 1595 1684 que
1632 1584 1735 1680 pediu

204 1708 251 1758 no
276 1708 339 1759 era
364 1681 477 1774 justo,
503 1686 537 1760 le
562 1682 800 1781 respondimos
825 1709 891 1782 que
917 1687 1045 1784 loque
1070 1686 1189 1782 querit
1213 1710 1263 1760 no
1287 1685 1326 1759 lo
1349 1683 1528 1759 mandaba
1565 1685 1660 1759 Dios
1694 1687 1735 1760 ni

202 1788 234 1860 el
258 1785 352 1875 Rei,
381 1809 447 1882 que
473 1785 676 1860 hiciesemos
703 1786 723 1859 ai
749 1788 800 1861 los
825 1788 926 1860 libres
950 1784 1101 1861 esclavos
1126 1839 1136 1858 .
1164 1785 1197 1860 Υ
1221 1783 1346 1883 desque
1370 1786 1430 1860 vio
1455 1784 1594 1860 nuestro
1619 1786 1734 1871 inteu-

203 1906 265 1978 to,
291 1887 366 1976 dijo
389 1911 456 1983 que
480 1911 539 1960 era
566 1891 681 1962 bueno
706 1913 729 1979 y
754 1891 867 1978 mejor
892 1910 958 1986 que
984 1912 1034 1968 no
1059 1889 1092 1961 el
1113 1884 1208 1979 strio.
1233 1885 1321 1963 Hac
1359 1885 1551 1962 Bernaldus
1575 1910 1666 1962 unus
1689 1886 1736 1965 de

199 1989 393 2163 tltrilitibfts.
421 1987 503 2061 Hoc
530 2007 651 2063 tamen
675 2013 750 2063 non
778 1990 892 2083 tollit,
926 1991 1060 2064 multos
1084 1985 1183 2064 suffe
1208 2008 1294 2064 tune
1327 1991 1403 2064 orci
1429 1989 1468 2064 in
1503 1985 1726 2086 captivandis

222 2090 300 2163 ndis
342 2089 517 2162 atellites.

250 2194 332 2279 (ιι)
359 2191 419 2261 Uti
445 2188 544 2262 bruta
570 2190 753 2263 animalia.
779 2185 875 2285 Qrid
902 2187 1085 2265 mirumst
1111 2214 1193 2265 cum
1219 2190 1531 2267 commendatoriis
1564 2213 1617 2267 res
1652 2212 1732 2274 erat

227 2291 298 2380 ejor
323 2316 431 2390 quarn
456 2316 539 2364 curn
563 2291 786 2367 diabolorum
814 2293 1015 2365 alluvione?
1042 2291 1260 2384 Horribilia‚
1286 2290 1313 2366 st
1337 2315 1418 2367 vera
1465 2290 1543 2366 sunt
1580 2315 1656 2389 quae
1682 2291 1730 2368 de

204 2318 461 2490 hispanorum,
489 2391 577 2465 adde
603 2413 666 2483 tu,
692 2398 727 2471 dt
752 2391 1018 2466 Germanorum
1043 2394 1082 2467 in
1107 2392 1330 2484 Venezuela,
1364 2393 1570 2468 crudelitate
1608 2394 1732 2488 vulgus

204 2492 405 2592 accepiNx
430 2492 697 2568 Bartholotnaeo
721 2491 855 2568 Casaus
879 2491 938 2568 seu
963 2493 999 2565 de
1024 2495 1078 2567 las
1103 2492 1209 2587 Casas
1234 2493 1408 2591 Episcopo
1434 2494 1579 2569 tandem
1614 2491 1728 2569 Chia·

204 2593 315 2693 pensi.
342 2595 528 2691 specimen
555 2597 631 2670 vide
658 2596 752 2692 apud
777 2593 919 2670 Dazam
945 2595 1040 2687 (b),
1066 2619 1154 2671 nam
1178 2591 1384 2693 Chiapensrs
1419 2594 1457 2670 Ο
1479 2620 1617 2686 erum,
1653 2619 1731 2694 qua

201 2692 273 2769 fida
295 2694 361 2769 sint
387 2697 572 2772 raritatem
597 2719 798 2773 exterorum
825 2698 1018 2796 cupiditate
1043 2701 1079 2773 bc
1104 2696 1235 2772 invidia
1266 2697 1407 2786 iamdiu
1441 2621 1573 2772 lsuam
1608 2694 1731 2771 causa·

202 2813 258 2871 tur
278 2795 433 2872 Pinellus
460 2804 552 2890 (c).
578 2797 686 2873 Circa
713 2822 848 2872 annum
880 2822 983 2895 ¹552·
1012 2798 1063 2872 ait
1086 2795 1293 2897 Chiapensts
1318 2798 1412 2898 apud
1446 2797 1619 2889 Dazam,
1653 2799 1729 2887 ianr

204 2894 262 2970 else
286 2899 483 2975 trucidatos
509 2924 569 2998 per
593 2903 724 2998 primos
750 2903 835 2975 novi
861 2900 954 2974 orbis
979 2919 1235 2997 expugnatores
1261 2902 1335 2999 plus
1360 2900 1562 3001 quindecim
1595 2899 1726 2976 millio·

151 3090 157 3105 δ
206 2999 297 3074 uibus
325 2999 500 3074 Indorum
526 2999 598 3074 stne
622 2999 816 3097 baptismo.
842 2999 970 3075 Primis
995 3002 1181 3075 duodecim
1208 3004 1307 3075 annis
1334 3001 1377 3076 ab
1401 3002 1662 3099 expugnatione
1674 3001 1730 3091 in-

211 3120 253 3174 tra
277 3099 437 3196 spatium
463 3122 548 3194 450.
575 3102 757 3175 leucarum
783 3102 917 3174 circum
943 3099 1126 3175 Mexicum
1151 3098 1268 3192 ferro,
1294 3100 1471 3192 flammis,
1495 3101 1728 3176 vivi-combu-

206 3199 318 3300 riisque
345 3196 503 3274 cecidisse
529 3200 605 3298 plus
630 3222 798 3297 quattuor
824 3201 1056 3274 millionibus.
1084 3198 1341 3276 Merioanenfis
1374 3200 1606 3278 Cancellariae
1641 3225 1728 3297 prae·

208 3298 304 3377 sidem
330 3302 511 3398 quendam
537 3327 602 3400 pro
642 3300 781 3398 singulis
815 3301 966 3399 equabus
1001 3303 1085 3375 dare
1119 3297 1264 3377 solitum
1298 3304 1478 3400 osloginta
1516 3302 1656 3393 Indos,
1683 3307 1729 3398 ‚br

203 3406 231 3480 lc
261 3403 344 3477 Indi
383 3403 485 3476 unius
519 3423 626 3494 caput
665 3428 729 3499 pro
766 3401 897 3477 caseo.
937 3401 1089 3480 Maean
1115 3399 1248 3481 {solitos
1282 3403 1426 3496 Indos,
1474 3424 1516 3480 ut
1563 3402 1726 3500 carnibus

203 3501 418 3601 pascerentur
444 3502 584 3577 moloffi
611 3557 620 3576 .
648 3503 695 3578 Et
720 3502 929 3603 Episcopus,
954 3527 998 3578 ex
1023 3528 1094 3602 quo
1119 3502 1193 3577 haec
1218 3510 1254 3582 dc
1279 3503 1407 3580 sunilia
1433 3527 1646 3596 narrantur,
1671 3506 1725 3596 ju·

203 3628 360 3680 ramento
385 3601 597 3681 confirmare
622 3605 773 3698 dicitur,
798 3631 908 3682 unam
935 3624 1075 3682 tantum
1100 3602 1121 3678 a
1148 3603 1183 3686 se
1209 3607 1312 3705 prodi
1338 3631 1382 3682 ex
1405 3608 1529 3698 decem
1546 3607 1646 3682 mille
1669 3602 1725 3683 fa·

199 3706 333 3783 dorum
360 3729 524 3804 partem.

295 3807 433 3884 Credat
460 3809 606 3906 Apella.
632 3806 731 3883 Nam
756 3804 823 3882 sive
849 3808 886 3881 in
911 3803 996 3882 orbe
1022 3826 1195 3884 terrarum
1222 3826 1303 3885 toto
1328 3807 1396 3882 sint
1420 3809 1519 3883 mille
1543 3809 1724 3884 milliones

196 3907 384 3986 bominum
410 3965 423 4002 ,
449 3931 488 3986 ut
513 3934 558 3984 ex
583 3908 754 4006 prudente
778 3909 974 3997 conjestuta
999 3929 1100 4006 putat
1126 3910 1307 3986 Ricciolus
1332 3909 1424 4000 (d),
1451 3907 1521 3983 sive
1545 3930 1632 4004 729.
1643 3912 1726 3986 mil·

195 4010 326 4102 liones,
352 4031 393 4086 ut
418 4035 462 4086 ex
488 4012 680 4088 collatione
719 4010 920 4085 tabularum
955 4008 1051 4083 Vosri
1079 4015 1115 4087 δι
1139 4010 1292 4086 Riccioli
1330 4010 1455 4084 volunt
1482 4010 1543 4085 alii
1568 4015 1658 4102 (e),
1695 4009 1723 4087 ss

191 4112 395 4208 quindecim
420 4114 624 4188 milliontun
649 4108 786 4185 summa
812 4109 881 4186 suit
905 4112 1019 4185 decies
1043 4108 1231 4185 millesrma
1255 4111 1498 4207 jugulatorum
1523 4135 1626 4209 pars,
1647 4112 1722 4209 plu·
1854 4171 1857 4174 .

190 4215 390 4288 terdecies
416 4216 544 4290 millies
570 4234 718 4311 patratae
742 4211 822 4287 sunt
847 4237 907 4310 per
932 4211 1108 4312 Hispanos
1134 4211 1306 4288 Indorum
1332 4212 1472 4305 caedes,
1509 4237 1618 4310 quam
1653 4209 1723 4289 srnt

192 4314 234 4388 in
259 4335 338 4392 toto
367 4317 452 4390 orbe
478 4318 617 4414 capita.
646 4324 776 4399 Nonne
801 4313 884 4388 satis
908 4337 1159 4413 exaggeratum
1184 4311 1233 4389 est
1258 4317 1273 4389 ?
1301 4314 1470 4391 Nondum
1495 4313 1613 4406 satis·;
1639 4338 1724 4408 nam

192 4415 399 4512 quindecim
426 4416 643 4492 millionibus
669 4441 742 4490 non
767 4438 954 4490 contentus
978 4437 1207 4516 exaggerator
1245 4417 1517 4515 progressionem¹
1552 4413 1640 4491 facit
1677 4417 1723 4493 ad

191 4517 320 4615 viginti
349 4520 416 4612 (f)
441 4520 581 4594 dicens:
608 4521 708 4591 Coma
732 4520 839 4592 nole
864 4515 1010 4596 lall'lma
1118 4513 1217 4592 sobre
1243 4519 1358 4592 veinte
1384 4539 1529 4592 cuentos
1564 4518 1608 4592 dc
1645 4519 1721 4592 ani-

195 4644 275 4694 mas
299 4645 369 4721 que
393 4619 468 4696 han
493 4620 656 4722 perecido
679 4643 726 4695 en
751 4620 784 4695 el
812 4620 944 4717 tiempo
970 4619 1127 4695 recitado
1153 4616 1206 4692 stn
1231 4615 1266 4693 fe
1291 4644 1312 4712 y
1339 4615 1391 4691 sm
1416 4617 1722 4696 sacramentor...

1508 4743 1675 4815 ΔΥΡΟΓ

232 4907 289 4977 (a)
311 4910 433 4977 bernai,
453 4913 525 4976 Cap.
542 4928 569 4964 r.
588 4911 631 4966 De
647 4911 679 4966 la
695 4907 859 4979 Conquifla.
1021 4905 1064 4976 (d)
1082 4907 1238 4971 Riccr'ol.l.r
1248 4899 1619 4977 a.Geogr.Ref.t'n}Amnd.
1633 4900 1674 4971 ’(ε)
1691 4903 1727 4959 In

234 4985 276 5055 (b)
287 4991 335 5045 Fr.
347 4991 422 5046 Ant.
432 4990 520 5046 Dm
528 4986 695 5052 chionen.
706 4987 830 5050 locat.
852 4983 889 5056 (c)
902 4985 938 5042 D.
983 4983 1226 5052 Novitelmflelod.
1246 5001 1314 5039 ann.
1336 5001 1418 5048 ¹⁷54·
1439 5000 1482 5034 rr.
1497 4983 1569 5044 Jan.
1580 4978 1720 5037 Srokolm.

192 5064 667 5138 uninominconyrmnule.
679 5082 702 5119 1·
713 5066 965 5135 canianum,
1024 5058 1070 5131 ll)
1091 5059 1190 5126 cuiap.
1211 5061 1241 5115 in
1253 5059 1331 5124 slepi.
1346 5057 1386 5115 ad
1408 5054 1516 5126 moly.
1535 5055 1698 5129 Sepulvedae
1718 5093 1727 5110 .

1225 5137 1334 5215 Rz
