3856 5678
241 266 318 349 544
541 298 546 305 ·
678 245 1258 329 Onottta‘rtouns

185 386 426 465 risdidionem
448 384 519 464 sori
539 386 699 480 externi,
723 388 1011 489 quandoquidem
1035 411 1110 464 non
1135 392 1252 489 agitur
1276 390 1323 465 de
1347 374 1653 481 iurisdidioneex
1667 384 1717 464 os

187 488 274 567 ficio
298 490 516 583 exercenda,
543 494 595 564 vel
620 490 791 586 dignitati
818 488 964 582 affeua,
989 491 1047 566 sed
1070 516 1116 567 ex
1139 490 1386 569 commissione
1411 497 1448 569 dt
1469 492 1715 591 delegatione.

188 590 501 670 Excommisstone
526 591 639 689 potest
661 594 817 668 exerceri
843 594 1032 682 iurisdistio
1056 617 1142 669 cum
1164 619 1212 670 eo
1235 594 1297 695 qui
1322 616 1398 667 non
1423 591 1467 670 sit
1492 593 1719 685 subditus,dt

56 703 60 710 '
187 692 399 789 aministro
423 691 578 775 subditus
614 718 688 770 non
712 693 904 771 habente:
941 702 978 772 ὅ(
1002 694 1072 770 hae
1098 697 1237 771 tatione
1263 695 1452 793 potetatd
1488 693 1633 791 lesuitis
1655 692 1718 769 sal·

191 819 238 870 vo
263 819 388 868 eorum
413 815 501 869 voto
522 799 560 872 dt
584 795 781 887 instituto,
821 818 868 871 ex
894 797 1016 892 quibus
1043 797 1253 872 tenebantur
1277 796 1393 871 solum
1418 818 1494 870 non
1531 795 1720 883 admittere

190 918 313 993 practer
336 896 525 994 dignitates
551 902 587 974 dt
611 901 830 997 praelaturas,
855 923 1055 993 quacumque
1078 897 1185 987 officia
1201 890 1230 991 ‚f
1245 922 1399 996 quorum
1425 894 1597 973 officiales
1627 892 1720 984 turis·

189 998 381 1072 didionem
405 994 671 1073 ccclefiaslicam
697 1002 749 1082 vel
775 998 947 1073 la'iealem
971 1001 1017 1072 de
1042 998 1138 1090 iure,
1163 997 1249 1091 usu,
1286 1000 1340 1073 vel
1365 996 1623 1074 consuetudine
1657 994 1719 1075 ba·

189 1096 296 1190 bent,
323 1096 384 1176 seu
407 1099 673 1197 quomodolibet
699 1119 798 1174 extra
825 1099 936 1196 ipsam
959 1099 1178 1174 Societatem
1202 1116 1374 1185 exerceam
1401 1120 1441 1174 ut
1466 1099 1577 1173 habet
1606 1094 1719 1176 Urba·

191 1223 257 1273 nus
284 1194 388 1273 Vlll.
415 1200 454 1275 in
477 1199 521 1275 C
548 1207 636 1275 Vota
661 1227 749 1297 que,
773 1201 860 1277 data
890 1225 946 1298 25.
973 1198 1052 1296 Jan.
1085 1208 1192 1296 1631.
1221 1200 1314 1277 Vide
1347 1198 1387 1276 P.
1412 1198 1574 1276 Sancbez
1611 1202 1719 1291 (a),

191 1301 252 1377 ubi
280 1303 351 1376 ait:
377 1304 517 1375 nomine
541 1303 755 1399 praelationis
779 1323 877 1376 extra
903 1304 1119 1377 Societatem
1145 1303 1354 1400 intelligitur
1379 1298 1719 1399 E;=tsc0patus,ttt›

192 1402 290 1477 batia
315 1402 449 1477 habens
482 1402 756 1493 iurisdietionem
788 1401 885 1502 quast
911 1402 1164 1502 episcopalem,
1190 1410 1227 1480 dt
1258 1402 1502 1502 quodcumque
1540 1401 1644 1476 aliud
1675 1396 1721 1477 os·

192 1500 315 1578 ficium
340 1502 610 1593 ituisdidionem
638 1509 675 1581 in
700 1501 780 1581 foro
804 1527 951 1580 externo
975 1505 1109 1580 habens
1134 1506 1172 1579 iu
1197 1502 1259 1581 sbi
1283 1503 1461 1597 subditos,
1487 1520 1530 1579 ut
1557 1502 1720 1580 Vicaritu

193 1602 381 1681 Generalis
405 1603 566 1704 Episcopi
593 1612 629 1684 dt
654 1607 707 1681 his
722 1607 875 1693 statilia.
1208 1619 1211 1624 '

248 1712 341 1798 (tx)
368 1709 566 1784 Provincias
589 1709 834 1802 rematiffimar.
860 1703 1008 1803 Qtanta
1032 1706 1159 1783 debeat
1194 1703 1361 1782 distantia
1395 1704 1590 1803 provinciae
1620 1706 1718 1782 alicu·

193 1808 249 1901 jus
274 1832 314 1884 ut
341 1808 571 1886 remotiffima
595 1809 663 1887 esse
687 1814 850 1901 dicatur,
875 1811 1003 1907 collige
1027 1835 1070 1884 ex
1096 1809 1256 1882 dodrina
1284 1810 1414 1884 tradita
1440 1806 1461 1881 l
1496 1804 1722 1905 Tragrtrieffl

196 1903 371 2010 Episcopo
395 1908 638 2001 Pax-jordano
663 1913 732 2002 (l)
745 1967 756 2003 ,
782 1913 840 2009 qui
868 1914 1014 2008 loquens
1039 1913 1084 1986 de
1112 1910 1295 2006 privilegio
1320 1904 1597 1985 administrandi
1622 1912 1722 1987 eccle·

194 2007 284 2088 siam
311 2033 394 2088 ante
418 2014 595 2091 eledionis
619 2010 931 2091 confirmationem
956 2033 1054 2088 extra
1083 2009 1252 2102 Italiam,
1289 2015 1326 2086 dt
1354 2012 1390 2084 in
1416 2011 1509 2084 locis
1544 2010 1653 2087 valde
1671 2034 1722 2101 re·

195 2116 332 2205 motis,
358 2114 429 2190 ait:
455 2116 618 2191 Praedibsa
642 2111 767 2191 Gloisa
792 2114 928 2212 inquit,
955 2137 1027 2187 non
1055 2110 1211 2186 sufficere
1236 2109 1441 2186 distantiam
1471 2110 1631 2187 duantm
1650 2112 1720 2188 die·

198 2237 320 2292 tantm
346 2236 407 2291 aut
434 2218 573 2310 trium,
609 2215 669 2292 sed
695 2214 857 2291 standum
883 2209 957 2308 esse
982 2212 1250 2289 consuetudini.
1285 2208 1390 2289 Unde
1414 2235 1505 2287 cttm
1538 2210 1721 2299 Dumana

198 2314 244 2393 stt
269 2335 374 2393 extra
409 2316 590 2411 Italiam,
625 2322 662 2395 dt
696 2313 799 2391 dislet
825 2314 869 2394 ab
894 2339 937 2389 ea
963 2338 1028 2413 pro
1067 2313 1256 2402 latitudine
1280 2312 1386 2390 Sinus
1421 2312 1607 2389 Adriatici
1633 2314 1720 2391 ultre

199 2438 344 2495 centum
368 2418 557 2514 milliaria,
584 2415 696 2518 potest
720 2414 851 2495 censeri
876 2416 982 2514 longe
1005 2413 1166 2511 distare,
1201 2420 1238 2492 dt
1261 2413 1557 2493 concurrentibus
1590 2414 1718 2495 catut

199 2518 395 2619 requisitis,
422 2521 485 2596 tali
511 2523 694 2621 privilegio
710 2518 810 2614 frui.
1640 2532 1643 2537 “

303 2621 460 2698 Ibidem.
488 2621 550 2697 Ubi
572 2651 633 2698 non
658 2621 699 2709 ess
723 2620 911 2719 Inquifitio.
937 2618 1030 2699 Idest
1054 2642 1154 2697 extra
1178 2621 1259 2699 loca
1283 2619 1341 2697 uli
1363 2610 1589 2718 superstitionis
1610 2618 1726 2697 Sanffi

198 2718 323 2799 Officii
349 2724 548 2801 authoritas
572 2727 687 2822 eget:
722 2745 761 2800 ut
787 2720 867 2800 sunt
901 2724 1002 2800 verba
1040 2723 1243 2799 1nn0cenrtt
1267 2721 1358 2801 XII.
1396 2724 1433 2796 in
1465 2716 1730 2797 Constitutione

197 2822 287 2897 data
315 2818 362 2920 3.
384 2822 482 2923 Sept.
514 2832 622 2921 1692.
650 2825 740 2923 apud
775 2820 808 2918 J.
833 2822 875 2901 Β.
893 2810 1042 2902 Ῥἰῐῑουί
1067 2832 1159 2919 (c),
1194 2823 1317 2925 quibus
1342 2820 1596 2900 confirmantur
1628 2821 1728 2898 dicia

201 2922 304 3023 supra
330 2923 420 2999 Ord.
448 2946 535 3024 503.
560 2929 695 3003 Adnot.
724 2950 759 3023 5.
889 2920 934 3001 0
1441 2960 1444 2966 ·

254 3031 333 3118 (x)
358 3031 398 3101 In
421 3030 521 3104 Bulla
547 3034 576 3103 C
576 3054 675 3105 oenae.
699 3025 794 3102 Cum
819 2988 1119 3205 Pontipsexiciens
1144 3025 1256 3104 Bulla
1281 3025 1383 3116 hujus
1401 3006 1732 3125 promulgationem

201 3130 395 3228 quotannis
418 3131 626 3227 regulariter
658 3127 812 3222 iterari,
849 3151 917 3228 prae
933 3151 1053 3206 entem
1089 3128 1301 3207 facultatem
1325 3126 1495 3204 concedit
1537 3128 1586 3202 ad
1622 3128 1734 3205 uicen-

204 3233 337 3323 nium,
375 3232 476 3307 omni
501 3234 613 3308 dubio
638 3231 759 3332 procul
794 3226 861 3307 esse
888 3232 1047 3322 videtur,
1084 3229 1258 3331 praesentis
1293 3230 1510 3328 perennitati
1546 3224 1659 3329 usque
1694 3226 1731 3303 ad

204 3333 408 3410 vicennium
432 3335 661 3410 conceffionis
684 3341 759 3407 non
783 3331 919 3426 obstare
944 3358 1102 3410 annuam
1129 3335 1228 3410 illam
1254 3331 1616 3431 promulgationem.
1650 3329 1730 3405 Vide

203 3432 305 3532 supra
332 3432 424 3509 Ord.
451 3458 537 3533 504.
564 3441 600 3513 dt
626 3443 713 3511 206.
1412 3462 1417 3469 ·

255 3538 346 3624 (xt)
375 3539 413 3606 In
437 3536 570 3621 ecclesis
595 3530 634 3613 ὃ
658 3538 838 3611 oraculis.
874 3534 915 3613 P.
942 3531 1227 3614 Bartholomaeus
1262 3531 1381 3614 Tafut
1404 3534 1445 3611 S.
1469 3532 1505 3632 J·
1543 3533 1568 3612 ὲ
1595 3530 1728 3613 Provin-

205 3635 262 3711 cia
288 3633 442 3710 Limana
469 3637 506 3709 in
532 3633 587 3711 Μ.
612 3634 648 3710 8.
677 3657 800 3733 putat,
837 3637 1014 3735 perhanc
1039 3637 1233 3714 clausulam
1269 3637 1465 3735 prohibitos
1492 3634 1603 3721 suillo
1639 3634 1727 3737 Jestti-

209 3757 285 3829 tas,
319 3760 365 3811 ne
400 3734 630 3813 confessrones
667 3739 830 3814 audirent
857 3742 911 3815 vel
936 3742 1163 3838 predicarent
1187 3763 1286 3817 extra
1312 3736 1478 3815 eeclefias
1514 3744 1555 3818 dt
1583 3738 1726 3819 oratoris

206 3838 417 3928 socierum
452 3836 635 3938 solumque
670 3835 768 3914 fuisse
795 3841 994 3922 concellum
1020 3841 1220 3941 approbatis
1257 3841 1447 3941 abaliquo
1483 3841 1643 3919 illamam
1666 3862 1728 3939 pat·

208 3939 300 4017 tium
325 3937 534 4040 Episcopo,
570 3942 646 4015 hac
680 3942 778 4016 obire
802 3967 948 4018 munera
976 3945 1014 4018 in
1041 3947 1182 4041 propria
1218 3940 1384 4020 ecclesia:
1419 3946 1456 4018 dt
1482 3942 1726 4044 consequenter

207 4067 282 4117 non
305 4036 485 4143 suffragari
513 4069 577 4143 pro
602 4042 817 4119 missionibus
843 4046 926 4120 vivis
951 4050 987 4122 dt
1022 4045 1202 4121 itineribus
1226 4045 1321 4121 hanc
1346 4043 1655 4140 -conteffionem,
1680 4040 1727 4118 seu

207 4140 441 4221 facultatem.
467 4144 501 4221 E
524 4146 668 4241 regione
692 4145 867 4221 concessio
891 4148 966 4221 haec
991 4144 1037 4223 src
1062 4148 1312 4224 enuntiabatur
1346 4150 1386 4225 in
1408 4144 1650 4244 Compendio
1680 4142 1726 4219 In·

209 4247 292 4321 dico
316 4248 413 4339 (d),
438 4245 538 4345 quast
562 4243 645 4323 esset
672 4244 878 4323 indefinita.
904 4248 1051 4324 Dicitur
1075 4251 1173 4325 enim
1200 4251 1269 4327 ibi:
1304 4250 1435 4342 Poffunt
1460 4246 1581 4327 nostri
1618 4244 1730 4327 missu

207 4349 299 4424 narii
326 4349 362 4423 in
398 4372 547 4449 utraque
584 4344 688 4426 India
724 4344 830 4423 semel
856 4351 1101 4448 approbati...
1140 4352 1183 4426 ab
1210 4351 1330 4451 aliquo
1356 4347 1565 4449 Episcopo,
1604 4351 1732 4431 verbum

206 4450 281 4529 Dei
307 4453 515 4549 praedicate,
541 4447 769 4527 consessiones
797 4453 939 4543 audire,
965 4458 1001 4530 dt
1024 4451 1140 4527 missas
1165 4454 1366 4553 celebrare,
1400 4456 1490 4554 quin
1527 4456 1678 4531 ulterius
1697 4450 1732 4525 li·

201 4554 366 4663 centiam
387 4576 448 4631 aut
473 4552 765 4654 approbationem
791 4552 834 4629 ab
860 4554 937 4630 aliis
961 4552 1162 4653 Episcopis,
1188 4578 1361 4655 quatenus
1379 4552 1513 4633 dislent
1541 4558 1641 4635 ultra
1658 4557 1732 4631 dutt

1629 4659 1698 4763 die·

207 4777 1403 4904 ΜΤΗΜῌ-ῖῖῖηῖῑῖῦαπᾟπ.
1422 4834 1475 4893 tu.
1486 4840 1517 4889 ⁸.
1540 4836 1592 4894 tit.
1607 4856 1635 4890 a.
1655 4848 1727 4903 mp-

206 4908 245 4967 lt
265 4908 367 4978 Gleffa,
389 4926 473 4977 quam
492 4912 582 4977 citat,
602 4916 636 4980 est
655 4911 686 4965 r'sr
705 4912 739 4967 C.
757 4908 861 4973 Nihil,
880 4910 927 4967 De
946 4908 1022 4973 esest.
1063 4912 1117 4983 (c)
1135 4913 1208 4976 etu.
1226 4917 1282 4974 CC·
1298 4913 1340 4975 ad
1357 4913 1477 4991 Censes·
1496 4930 1530 4973 κ.
1556 4931 1651 4984 ¹¹2·-

249 4982 308 5055 (ἃ)
328 4989 423 5058 Corn.
441 4988 506 5049 lad·
526 4990 599 5051 aeni
622 4997 705 5055 ¹736·
723 4987 757 5048 V.
777 4982 979 5052 enudatio.
1066 5060 1071 5071 ‚
1489 5022 1492 5027 ·
1703 5018 1709 5025 ·
