3864 5686
171 428 180 475 l

237 336 310 431 roo
640 327 1313 408 Ottntnattouns.

287 468 420 568 Quoad
445 423 570 543 Indiae:
591 464 681 544 nihil
706 469 858 545 occurrit
893 465 960 541 nist
984 466 1081 568 quod
1105 464 1141 539 in
1178 461 1501 541 Constitutionibus
1526 462 1716 562 synodali-

187 574 250 653 bus
278 571 360 645 anni
391 592 499 665 ¹752·
527 573 541 657 (
568 594 751 671 nunquam
778 589 899 650 tamen
923 568 1106 672 publicatis
1131 562 1344 669 nequeunt
1371 565 1538 667 permissas
1565 573 1580 658 )
1607 567 1717 645 habet

187 675 244 752 Ill.
271 670 433 747 Mithael
458 671 676 768 Argandotia
700 670 779 764 ,.E
804 670 946 769 iscopus.
963 666 1243 772 ”sucumanensts
1270 669 1306 742 in
1340 670 1522 769 ptoctnioz
1557 667 1657 743 Sobre
1682 672 1720 749 la

187 772 398 871 sugeciou'a
432 775 470 848 lo
495 796 562 873 que
597 699 801 852 determini
823 778 856 850 el
891 773 1060 849 Concilio
1096 772 1141 847 de
1165 771 1338 863 Trento,
1377 768 1412 844 se
1437 769 1510 845 hau
1543 772 1720 869 expedido

187 876 510 952 nuevamenteoos
527 871 659 950 Breues
682 900 746 972 pot
772 875 989 955 Innocentio
1013 872 1121 951 XIII.
1147 894 1176 968 y·
1194 870 1384 951 Benedislo
1406 867 1514 949 XIII.
1537 873 1560 947 d
1585 870 1724 953 instan-

187 975 313 1051 clade
338 973 491 1065 Nueilro
515 973 694 1055 Monatca
720 975 879 1078 Philipp'e
908 977 976 1068 V.,
1002 973 1257 1071 Arzobispos'y
1282 970 1432 1069 Obispos
1471 971 1516 1048 de
1542 969 1716 1074 Espaoa,

185 1080 283 1155 cuias
307 1075 414 1155 Bulas
438 1101 497 1155 ern
522 1077 620 1155 iezau
644 1077 816 1179 Apostolici
840 1078 1020 1165 Ministerii
1046 1132 1055 1152 .
1088 1077 1139 1153 Su
1163 1077 1248 1151 data
1275 1076 1295 1150 i
1324 1097 1385 1168 29.
1409 1072 1571 1152 deMaio
1602 1097 1719 1171 1724.

190 1177 225 1257 ἴ
250 1180 464 1258 mandamos
483 1102 544 1274 sti
565 1197 720 1276 precepto
745 1178 779 1259 se
805 1178 946 1259 obsetve
971 1179 1062 1256 todo
1085 1182 1122 1253 lo
1147 1175 1341 1255 contenido
1364 1202 1402 1251 en
1427 1177 1527 1251 allas.
1555 1174 1603 1255 Et
1615 1177 1718 1279 quod

186 1279 393 1358 Benedisius
418 1279 518 1355 XIV.
547 1283 582 1355 in
608 1279 728 1356 Consi.
755 1281 952 1366 Palloralis.
979 1282 1066 1359 data
1090 1278 1205 1357 Nonis
1232 1274 1380 1372 Augusti
1411 1274 1519 1372 1348.
1553 1277 1719 1357 declara·

186 1384 237 1456 vit
262 1381 507 1479 decrevitque,
546 1381 743 1459 Innocentis
778 1380 923 1459 Bullam
958 1381 1077 1480 quoad
1112 1376 1309 1457 confessarii
1347 1378 1620 1456 extraordiuarii
1647 1407 1716 1484 pro

185 1483 397 1561 monialibus
422 1481 700 1578 designationem
725 1481 792 1565 eise
816 1488 931 1582 legem
956 1481 1208 1569 universalem.
1285 1486 1288 1490 ⁴

237 1590 319 1673 (11)
344 1584 474 1660 Fertis.
510 1583 586 1656 Has
619 1587 775 1686 intellige
810 1587 927 1684 quales
962 1587 999 1659 in
1023 1586 1095 1677 iure
1131 1583 1352 1684 requiruntur
1388 1606 1451 1679 pro
1488 1578 1715 1662 conferendis

185 1683 381 1761 minoribus
405 1684 606 1763 ordinibus.
634 1686 692 1763 An
718 1684 801 1769 verb
837 1684 903 1763 else
927 1687 1076 1764 debeant
1101 1683 1272 1774 ejusmodi
1307 1681 1400 1759 seriae
1427 1685 1482 1757 vel
1520 1681 1613 1760 sella·
1631 1709 1715 1783 quae

186 1788 230 1863 de
256 1806 428 1885 praecepto
453 1789 669 1866 celebrentur
696 1790 733 1863 in
757 1786 862 1885 soro,
889 1814 936 1867 an
972 1785 1247 1888 sufficiantque
1273 1788 1310 1861 in
1336 1784 1450 1861 choto
1486 1785 1726 1885 celebrantur,

184 1890 258 1966 ritu
281 1889 433 1987 duplici,
460 1887 666 1988 disputant.
700 1888 749 1967 Et
771 1889 929 1968 secundat
955 1893 1046 1991 patri
1072 1886 1168 1969 favet
1206 1887 1407 1985 aliquorum
1442 1888 1559 1989 praxis
1597 1891 1674 1979 (a)
1702 1942 1723 1983 ,.

183 2014 261 2067 non
285 1990 397 2069 modo
421 1992 564 2092 quando
588 1994 675 2067 ritus
699 1990 749 2070 est
773 1993 817 2069 de
842 2014 1016 2091 praecepto
1040 1992 1190 2086 duplex,
1215 1987 1275 2074 sed
1299 1989 1410 2075 etiam
1433 1988 1579 2091 quando
1600 1989 1650 2081 ad
1674 1991 1718 2064 li·

187 2090 322 2172 bitum.
349 2090 419 2169 Sed
445 2090 559 2172 obstat
583 2094 766 2171 decretum
791 2091 928 2176 Urbani
954 2092 1059 2173 VIII.
1097 2094 1238 2192 dequo
1273 2089 1382 2169 Card.
1407 2090 1459 2173 de¹
1478 2088 1586 2189 Lugo
1621 2091 1721 2193 apud

184 2190 420 2273 Buembaum
447 2193 539 2282 (b).
565 2193 613 2270 Et
638 2193 747 2275 Card.
774 2194 878 2275 Petra
904 2202 970 2284 (c)
996 2221 1039 2277 ex
1062 2193 1234 2293 Fagnano
1261 2195 1334 2269 ait:
1359 2189 1582 2290 Presuppostto
1618 2192 1719 2290 quod

185 2296 343 2373 minores
367 2297 506 2371 ordines
532 2293 671 2395 possunt
696 2296 847 2376 conferri
872 2298 992 2377 dicbus
1017 2297 1205 2377 dominicis
1231 2313 1294 2370 aut
1319 2295 1397 2371 aliis
1433 2291 1582 2385 festinis,
1616 2293 1723 2396 dubis

184 2415 281 2475 ratur
319 2422 366 2472 an
403 2398 640 2496 appellatione
665 2395 743 2479 sesti
782 2398 1103 2497 comprehendatur
1128 2396 1275 2491 festum,
1303 2398 1340 2476 in
1377 2420 1451 2495 quo
1474 2393 1717 2475 abAEcclefia

183 2495 227 2574 sit
252 2496 435 2597 officium,
463 2523 510 2573 an
535 2499 619 2577 verb
643 2501 769 2579 debeat
797 2500 863 2576 else
887 2498 1013 2581 festum
1030 2500 1132 2613 ,quod
1158 2500 1178 2577 i
1204 2500 1335 2597 populo
1359 2500 1583 2576 colatum.
1607 2495 1720 2589 Idem,

180 2597 232 2677 est
258 2599 405 2677 dubium
431 2602 549 2701 quoad
575 2604 831 2700 promovendos
858 2605 977 2701 vigore
1002 2601 1301 2701 dilpensationum
1326 2599 1370 2673 de
1396 2599 1639 2697 promovendo
1650 2623 1713 2675 ex·

183 2720 239 2778 tra
264 2720 427 2797 tempora
453 2701 571 2779 diebus
595 2701 707 2781 sellis.
737 2706 794 2780 Ad
824 2728 856 2781 1.
884 2705 920 2779 S.
947 2705 1191 2806 Congregario
1215 2701 1372 2788 Concilii
1397 2699 1529 2780 censuit
1547 2724 1714 2802 compre·

181 2801 287 2877 hendi
315 2803 389 2880 dies
413 2797 516 2880 festos
541 2806 600 2903 qui
627 2807 647 2879 a
675 2809 804 2902 populo
832 2804 1078 2885 servantur...
1105 2807 1165 2883 Ad
1192 2828 1226 2884 2·
1255 2805 1352 2882 idem
1376 2801 1556 2901 respondit.

235 2908 331 2994 (ιιι)
359 2904 594 2983 Continuam.
630 2905 829 2984 Decretum
862 2907 911 2985 eii
936 2910 974 2987 in
999 2908 1214 2990 Tridentino
1251 2910 1266 2998 (
1280 2906 1352 2998 d),
1391 2904 1445 2985 Ne
1482 2903 1637 3000 promoti
1665 2905 1716 2984 ad

179 3000 320 3081 sacrtun
343 3002 613 3084 subdiaconatus
638 3009 824 3101 ordinem,
853 3008 879 3083 fi
904 3034 964 3106 per
990 3036 1124 3087 annum
1149 3006 1274 3086 saltem
1302 3010 1338 3081 in
1363 3031 1409 3091 eo
1432 3030 1506 3080 non
1542 3001 1610 3080 sint
1638 3030 1718 3080 ver.

179 3104 270 3199 sati,
296 3105 341 3181 ad
368 3108 519 3183 alterum
544 3111 716 3204 gradum,
743 3109 808 3185 nist
837 3111 932 3187 aliud
959 3111 1122 3213 episcopo
1149 3111 1332 3202 videatur,
1361 3105 1545 3186 ascendere
1566 3108 1710 3204 permit-

179 3224 322 3286 tantur.
349 3206 517 3306 Idemque
544 3212 710 3289 indicitur
734 3212 779 3289 de
804 3214 997 3294 diaconatu
1032 3240 1108 3310 cap.
1136 3211 1204 3310 seq.
1244 3208 1350 3287 Unde
1377 3207 1534 3307 prasenti
1572 3211 1713 3310 privile-

180 3311 242 3408 gio
266 3312 478 3407 derogatum
503 3310 571 3387 hac
607 3316 717 3389 etiam
754 3339 797 3391 ex
825 3337 923 3411 parte
948 3315 1021 3407 est,
1060 3315 1185 3411 quippe
1221 3311 1429 3389 Concilium
1464 3311 1674 3408 pracedenti
1704 3335 1717 3391 a

179 3410 337 3498 maxime
363 3435 445 3485 curn
471 3414 586 3504 primo
612 3415 693 3487 loco
721 3433 917 3508 apponatur
943 3414 1097 3494 clausula
1133 3419 1206 3490 Non
1232 3412 1425 3505 obstantibus
1450 3417 1516 3496 bec.
1552 3409 1599 3488 In
1638 3437 1716 3513 par·

181 3509 274 3589 tibus
309 3527 431 3581 tamen
456 3509 550 3586 Novi
576 3509 681 3590 Orbis
719 3515 869 3610 vulgaris
896 3513 944 3592 cll
980 3513 1230 3614 dispensans,
1269 3535 1346 3594 tunt
1374 3533 1514 3615 propter
1548 3514 1716 3594 locorum

181 3607 389 3683 distantiam
416 3614 450 3684 δι
485 3609 736 3689 difficultatem
774 3615 925 3692 iterandi
954 3620 998 3697 ad
1035 3616 1266 3696 remotisfima
1304 3621 1383 3696 loca
1422 3617 1610 3711 reditum,
1639 3637 1718 3696 tunt

179 3728 323 3809 propter
349 3709 511 3806 speciales
537 3708 723 3791 facultates
748 3714 925 3815 Episcopis
955 3718 1137 3799 Indiarum
1164 3719 1210 3798 ad
1236 3720 1449 3798 decennium
1485 3717 1634 3795 concedi
1661 3715 1717 3790 so-

178 3810 283 3900 litas,
311 3837 460 3909 quarunt
486 3815 601 3912 prima
626 3814 698 3909 cll,
724 3818 917 3915 Confirendi
942 3823 1082 3898 ordlnes
1109 3843 1209 3898 extra
1237 3843 1400 3918 tempora
1427 3825 1463 3899 bt
1497 3843 1571 3894 non
1598 3815 1715 3896 serva·

180 3912 226 3985 tis
251 3913 443 3992 interstitiis
467 3913 572 4015 usque
600 3920 645 3994 ad
663 3920 937 4018 presbyteratum
957 3921 1145 4014 inclusive,
1171 3920 1199 3999 st
1224 3920 1462 4005 fitneceffitas
1481 3919 1712 4018 sacerdotum.

179 4009 249 4091 Ubi
274 4015 455 4095 nccesfitas
480 4017 592 4115 potest
617 4023 751 4119 accipi,
778 4042 816 4103 ut
845 4025 881 4097 in
907 4023 1124 4103 Tridentino
1151 4049 1216 4121 pro
1240 4025 1395 4100 notabili
1422 4025 1603 4101 utilitate.
1632 4019 1715 4100 Post

178 4111 432 4192 TridentInutn
467 4119 551 4198 veri>
575 4121 776 4213 huiusmodi
814 4126 1035 4222 privilegium
1060 4125 1147 4224 saepd
1172 4121 1373 4201 concessum
1411 4122 1483 4212 esl3
1520 4125 1713 4221 aliquando

181 4212 227 4301 ad
254 4218 422 4293 ternrlnos
446 4219 529 4308 iuris
564 4222 638 4319 post
674 4225 933 4305 concessronem
966 4229 1175 4317 redaslum,
1214 4227 1257 4305 de
1282 4251 1354 4327 quo
1379 4225 1416 4306 in
1451 4225 1672 4330 sequentibus
1700 4270 1709 4305 ι

180 4310 271 4392 Vide
295 4313 386 4394 Ord.
416 4328 500 4419 146.
528 4345 613 4423 240.
641 4324 727 4427 248.
756 4347 840 4429 245.

1561 4733 1652 4823 OR-

181 4959 188 4967 ·
214 4911 267 4981 (a)
297 4914 392 4979 ΛΜ
417 4917 567 4988 aurito,
596 4919 648 4979 ill.
682 4941 705 4977 t.
737 4925 817 4993 Gur}-
844 4929 914 4987 Can.
932 4924 1059 5066 lssiz)
1082 4930 1187 5020 Petra,
1209 4946 1322 5068 romi.
1334 4928 1383 5061 fd·
1402 4925 1526 5062 (4.οΡἒί
1544 4926 1633 5001 Isura.
1659 4946 1708 4999 qs·

195 5019 197 5022 ’
983 5024 1006 5060 x
1049 5023 1113 5073 agn.
1134 5024 1166 5062 m
1185 5026 1208 5063 c.
1232 5027 1258 5073 3·
1299 5025 1313 5062 e
1367 5024 1440 5071 cmp-
1486 5022 1530 5059 t·
1560 5021 1659 5067 mas.

33 5107 55 5121 ,‚
232 5027 273 5177 ι.)
289 5066 417 5138 Belem
436 5069 545 5132 Dabo.
565 5075 607 5137 De
626 5074 782 5138 saconia.
804 5015 939 5153 &sm-i
996 5080 1051 5155 (d)
1074 5083 1235 5155 TridSeff·
1247 5086 1346 5153 zoae
1359 5083 1516 5162 Resona-c·
1528 5088 1618 5167 {W
1632 5099 1679 5154 ¹4·
