<?xml version="1.0" encoding="UTF-8"?>
<!DOCTYPE html PUBLIC "-//W3C//DTD XHTML 1.0 Transitional//EN"
    "http://www.w3.org/TR/xhtml1/DTD/xhtml1-transitional.dtd">
<html xmlns="http://www.w3.org/1999/xhtml" xml:lang="en" lang="en">
 <head>
  <title>
</title>
<meta http-equiv="Content-Type" content="text/html;charset=utf-8" />
  <meta name='ocr-system' content='tesseract 3.04.00' />
  <meta name='ocr-capabilities' content='ocr_page ocr_carea ocr_par ocr_line ocrx_word'/>
</head>
<body>
  <div class='ocr_page' id='page_1' title='image "./fastinoviorbise00moregoog_0106.png"; bbox 0 0 3864 5686; ppageno 0'>
   <div class='ocr_carea' id='block_1_1' title="bbox 544 350 1678 458">
    <p class='ocr_par' dir='ltr' id='par_1_1' title="bbox 544 350 1678 458">
     <span class='ocr_line' id='line_1_1' title="bbox 544 350 1678 458; baseline 0.004 -29"><span class='ocrx_word' id='word_1_1' title='bbox 544 350 682 433; x_wconf 77' lang='lat' dir='ltr'>Aeo</span> <span class='ocrx_word' id='word_1_2' title='bbox 708 370 727 432; x_wconf 83' lang='lat' dir='ltr'>s</span> <span class='ocrx_word' id='word_1_3' title='bbox 752 371 879 434; x_wconf 84' lang='grc' dir='ltr'>τοι</span> <span class='ocrx_word' id='word_1_4' title='bbox 904 372 917 431; x_wconf 89' lang='lat' dir='ltr'>r</span> <span class='ocrx_word' id='word_1_5' title='bbox 942 373 1054 447; x_wconf 75' lang='lat' dir='ltr'>cn.</span> <span class='ocrx_word' id='word_1_6' title='bbox 1110 376 1221 453; x_wconf 83' lang='lat'>1500.</span> <span class='ocrx_word' id='word_1_7' title='bbox 1275 363 1385 456; x_wconf 81' lang='lat'>¹563·</span> <span class='ocrx_word' id='word_1_8' title='bbox 1631 380 1678 458; x_wconf 85' lang='lat'>95</span> 
     </span>
    </p>
   </div>
   <div class='ocr_carea' id='block_1_2' title="bbox 190 488 1849 4358">
    <p class='ocr_par' dir='ltr' id='par_1_2' title="bbox 190 488 1768 1412">
     <span class='ocr_line' id='line_1_2' title="bbox 195 488 1768 594; baseline 0.004 -26"><span class='ocrx_word' id='word_1_9' title='bbox 195 488 393 570; x_wconf 82' lang='lat' dir='ltr'>stitutionis</span> <span class='ocrx_word' id='word_1_10' title='bbox 417 491 563 570; x_wconf 77' lang='lat' dir='ltr'>exordio</span> <span class='ocrx_word' id='word_1_11' title='bbox 586 498 624 572; x_wconf 78' lang='lat' dir='ltr'>dc</span> <span class='ocrx_word' id='word_1_12' title='bbox 649 497 821 572; x_wconf 80' lang='lat' dir='ltr'>relatione</span> <span class='ocrx_word' id='word_1_13' title='bbox 847 516 1040 588; x_wconf 89' lang='lat' dir='ltr'>contenta,</span> <span class='ocrx_word' id='word_1_14' title='bbox 1065 499 1251 594; x_wconf 83' lang='lat' dir='ltr'>replicetur</span> <span class='ocrx_word' id='word_1_15' title='bbox 1288 501 1310 575; x_wconf 78' lang='lat' dir='ltr'>a</span> <span class='ocrx_word' id='word_1_16' title='bbox 1334 498 1461 575; x_wconf 87' lang='lat' dir='ltr'>Leone</span> <span class='ocrx_word' id='word_1_17' title='bbox 1485 501 1524 574; x_wconf 91' lang='lat' dir='ltr'>in</span> <span class='ocrx_word' id='word_1_18' title='bbox 1558 493 1619 574; x_wconf 90' lang='lat' dir='ltr'>sua</span> <span class='ocrx_word' id='word_1_19' title='bbox 1646 523 1731 575; x_wconf 87' lang='lat' dir='ltr'>con·</span> <span class='ocrx_word' id='word_1_20' title='bbox 1764 579 1768 586; x_wconf 73' lang='grc'><em>,</em></span> 
     </span>
     <span class='ocr_line' id='line_1_3' title="bbox 192 593 1729 718; baseline 0.006 -49"><span class='ocrx_word' id='word_1_21' title='bbox 192 593 346 682; x_wconf 85' lang='lat' dir='ltr'>ceffiotte</span> <span class='ocrx_word' id='word_1_22' title='bbox 368 594 429 714; x_wconf 44' lang='lat' dir='ltr'>ad·</span> <span class='ocrx_word' id='word_1_23' title='bbox 448 593 612 713; x_wconf 76' lang='lat' dir='ltr'>persoqas</span> <span class='ocrx_word' id='word_1_24' title='bbox 636 600 843 715; x_wconf 77' lang='lat' dir='ltr'>nominatas</span> <span class='ocrx_word' id='word_1_25' title='bbox 867 603 904 676; x_wconf 77' lang='lat' dir='ltr'>bt</span> <span class='ocrx_word' id='word_1_26' title='bbox 930 600 976 674; x_wconf 90' lang='lat' dir='ltr'>ad</span> <span class='ocrx_word' id='word_1_27' title='bbox 994 617 1148 718; x_wconf 80' lang='lat' dir='ltr'>quatuor</span> <span class='ocrx_word' id='word_1_28' title='bbox 1173 601 1262 717; x_wconf 79' lang='lat' dir='ltr'>alias</span> <span class='ocrx_word' id='word_1_29' title='bbox 1281 601 1500 699; x_wconf 84' lang='lat' dir='ltr'>deputandas</span> <span class='ocrx_word' id='word_1_30' title='bbox 1524 603 1729 695; x_wconf 74' lang='lat' dir='ltr'>contrasid,</span> 
     </span>
     <span class='ocr_line' id='line_1_4' title="bbox 190 696 1732 904; baseline 0.005 -31"><span class='ocrx_word' id='word_1_31' title='bbox 190 696 480 874; x_wconf 44' lang='lat' dir='ltr'>sufflasse</span> <span class='ocrx_word' id='word_1_32' title='bbox 495 696 1247 902; x_wconf 55' lang='lat' dir='ltr'>‘dstlltlllllzllsslsslrtlh</span> <span class='ocrx_word' id='word_1_33' title='bbox 1282 700 1376 904; x_wconf 65' lang='lat' dir='ltr'>{ils</span> <span class='ocrx_word' id='word_1_34' title='bbox 1401 701 1457 881; x_wconf 61' lang='lat' dir='ltr'>li:</span> <span class='ocrx_word' id='word_1_35' title='bbox 1484 701 1732 881; x_wconf 51' lang='lat' dir='ltr'>billis&amp;</span> 
     </span>
     <span class='ocr_line' id='line_1_5' title="bbox 192 898 1732 1005; baseline 0.002 -28"><span class='ocrx_word' id='word_1_36' title='bbox 192 898 350 977; x_wconf 70' lang='lat' dir='ltr'>Infl&#39;ada</span> <span class='ocrx_word' id='word_1_37' title='bbox 371 900 522 976; x_wconf 78' lang='lat' dir='ltr'>Ordinis</span> <span class='ocrx_word' id='word_1_38' title='bbox 541 904 584 979; x_wconf 84' lang='lat' dir='ltr'>S.</span> <span class='ocrx_word' id='word_1_39' title='bbox 612 901 789 979; x_wconf 77' lang='lat' dir='ltr'>francisci</span> <span class='ocrx_word' id='word_1_40' title='bbox 829 903 1016 979; x_wconf 80' lang='lat' dir='ltr'>indiarum</span> <span class='ocrx_word' id='word_1_41' title='bbox 1052 904 1355 1000; x_wconf 65' lang='lat' dir='ltr'>commissarium</span> <span class='ocrx_word' id='word_1_42' title='bbox 1378 908 1436 1005; x_wconf 93' lang='lat' dir='ltr'>qui</span> <span class='ocrx_word' id='word_1_43' title='bbox 1463 908 1649 982; x_wconf 82' lang='lat' dir='ltr'>contendit</span> <span class='ocrx_word' id='word_1_44' title='bbox 1681 927 1732 982; x_wconf 88' lang='lat' dir='ltr'>ta·</span> 
     </span>
     <span class='ocr_line' id='line_1_6' title="bbox 190 1003 1743 1107; baseline 0.001 -27"><span class='ocrx_word' id='word_1_45' title='bbox 190 1027 297 1094; x_wconf 76' lang='lat' dir='ltr'>nen,</span> <span class='ocrx_word' id='word_1_46' title='bbox 324 1003 547 1101; x_wconf 82' lang='lat' dir='ltr'>privilegium</span> <span class='ocrx_word' id='word_1_47' title='bbox 570 1005 641 1080; x_wconf 88' lang='lat' dir='ltr'>hoc</span> <span class='ocrx_word' id='word_1_48' title='bbox 667 1005 848 1105; x_wconf 84' lang='lat' dir='ltr'>personale</span> <span class='ocrx_word' id='word_1_49' title='bbox 872 1005 939 1080; x_wconf 86' lang='lat' dir='ltr'>esse</span> <span class='ocrx_word' id='word_1_50' title='bbox 964 1004 1199 1100; x_wconf 88' lang='lat' dir='ltr'>realizatum,</span> <span class='ocrx_word' id='word_1_51' title='bbox 1226 1014 1263 1086; x_wconf 77' lang='lat' dir='ltr'>bc</span> <span class='ocrx_word' id='word_1_52' title='bbox 1287 1011 1465 1083; x_wconf 83' lang='lat' dir='ltr'>donatum</span> <span class='ocrx_word' id='word_1_53' title='bbox 1497 1008 1743 1107; x_wconf 74' lang='lat' dir='ltr'>perpetuitate-</span> 
     </span>
     <span class='ocr_line' id='line_1_7' title="bbox 192 1105 1731 1209; baseline 0.002 -27"><span class='ocrx_word' id='word_1_54' title='bbox 192 1105 237 1182; x_wconf 83' lang='lat' dir='ltr'>ab</span> <span class='ocrx_word' id='word_1_55' title='bbox 263 1105 430 1180; x_wconf 76' lang='lat' dir='ltr'>Adriano</span> <span class='ocrx_word' id='word_1_56' title='bbox 465 1105 556 1198; x_wconf 77' lang='lat' dir='ltr'>vl,</span> <span class='ocrx_word' id='word_1_57' title='bbox 580 1132 657 1183; x_wconf 85' lang='lat' dir='ltr'>nou</span> <span class='ocrx_word' id='word_1_58' title='bbox 690 1110 786 1206; x_wconf 93' lang='lat' dir='ltr'>quod</span> <span class='ocrx_word' id='word_1_59' title='bbox 821 1109 999 1185; x_wconf 73' lang='lat' dir='ltr'>Adrianus</span> <span class='ocrx_word' id='word_1_60' title='bbox 1034 1109 1257 1208; x_wconf 81' lang='lat' dir='ltr'>privilegium</span> <span class='ocrx_word' id='word_1_61' title='bbox 1292 1106 1542 1209; x_wconf 67' lang='lat' dir='ltr'>predecessoris</span> <span class='ocrx_word' id='word_1_62' title='bbox 1574 1110 1731 1207; x_wconf 74' lang='lat' dir='ltr'>expresse</span> 
     </span>
     <span class='ocr_line' id='line_1_8' title="bbox 191 1204 1731 1312; baseline 0.004 -29"><span class='ocrx_word' id='word_1_63' title='bbox 191 1204 390 1300; x_wconf 71' lang='lat' dir='ltr'>teutderit,</span> <span class='ocrx_word' id='word_1_64' title='bbox 410 1204 475 1282; x_wconf 88' lang='lat' dir='ltr'>sed</span> <span class='ocrx_word' id='word_1_65' title='bbox 496 1228 672 1307; x_wconf 87' lang='lat' dir='ltr'>quatenus</span> <span class='ocrx_word' id='word_1_66' title='bbox 690 1210 947 1285; x_wconf 87' lang='lat' dir='ltr'>omnimodam</span> <span class='ocrx_word' id='word_1_67' title='bbox 974 1211 1256 1303; x_wconf 80' lang='lat' dir='ltr'>authoritatem,</span> <span class='ocrx_word' id='word_1_68' title='bbox 1278 1213 1326 1288; x_wconf 83' lang='lat' dir='ltr'>de</span> <span class='ocrx_word' id='word_1_69' title='bbox 1351 1238 1421 1312; x_wconf 89' lang='lat' dir='ltr'>qua</span> <span class='ocrx_word' id='word_1_70' title='bbox 1446 1211 1511 1287; x_wconf 87' lang='lat' dir='ltr'>suo</span> <span class='ocrx_word' id='word_1_71' title='bbox 1535 1214 1652 1304; x_wconf 92' lang='lat' dir='ltr'>loco,</span> <span class='ocrx_word' id='word_1_72' title='bbox 1676 1213 1731 1289; x_wconf 83' lang='lat' dir='ltr'>iu·</span> 
     </span>
     <span class='ocr_line' id='line_1_9' title="bbox 191 1307 1625 1412; baseline -0.005 -21"><span class='ocrx_word' id='word_1_73' title='bbox 191 1307 339 1391; x_wconf 60' lang='lat' dir='ltr'>&amp;fante</span> <span class='ocrx_word' id='word_1_74' title='bbox 363 1309 533 1385; x_wconf 83' lang='lat' dir='ltr'>conoeffit</span> <span class='ocrx_word' id='word_1_75' title='bbox 556 1365 569 1405; x_wconf 94' lang='lat'>,</span> <span class='ocrx_word' id='word_1_76' title='bbox 593 1336 702 1410; x_wconf 90' lang='lat' dir='ltr'>quam</span> <span class='ocrx_word' id='word_1_77' title='bbox 725 1312 808 1387; x_wconf 84' lang='lat' dir='ltr'>Leo</span> <span class='ocrx_word' id='word_1_78' title='bbox 831 1315 880 1388; x_wconf 87' lang='lat' dir='ltr'>ad</span> <span class='ocrx_word' id='word_1_79' title='bbox 907 1332 993 1387; x_wconf 89' lang='lat' dir='ltr'>tunc</span> <span class='ocrx_word' id='word_1_80' title='bbox 1017 1311 1189 1412; x_wconf 82' lang='lat' dir='ltr'>expressos</span> <span class='ocrx_word' id='word_1_81' title='bbox 1213 1312 1352 1390; x_wconf 85' lang='lat' dir='ltr'>Fratres</span> <span class='ocrx_word' id='word_1_82' title='bbox 1377 1334 1625 1389; x_wconf 81' lang='lat' dir='ltr'>contraxerat.</span> 
     </span>
    </p>

    <p class='ocr_par' dir='ltr' id='par_1_3' title="bbox 191 1410 1849 2302">
     <span class='ocr_line' id='line_1_10' title="bbox 296 1410 1731 1515; baseline 0.002 -29"><span class='ocrx_word' id='word_1_83' title='bbox 296 1410 368 1486; x_wconf 88' lang='lat' dir='ltr'>Sed</span> <span class='ocrx_word' id='word_1_84' title='bbox 388 1410 479 1486; x_wconf 71' lang='lat' dir='ltr'>licet</span> <span class='ocrx_word' id='word_1_85' title='bbox 502 1411 574 1489; x_wconf 90' lang='lat' dir='ltr'>hoc</span> <span class='ocrx_word' id='word_1_86' title='bbox 600 1438 722 1489; x_wconf 80' lang='lat' dir='ltr'>verum</span> <span class='ocrx_word' id='word_1_87' title='bbox 748 1412 790 1489; x_wconf 92' lang='lat' dir='ltr'>srt</span> <span class='ocrx_word' id='word_1_88' title='bbox 812 1415 858 1488; x_wconf 89' lang='lat' dir='ltr'>de</span> <span class='ocrx_word' id='word_1_89' title='bbox 884 1414 1070 1514; x_wconf 82' lang='lat' dir='ltr'>privilegiis</span> <span class='ocrx_word' id='word_1_90' title='bbox 1094 1415 1132 1487; x_wconf 89' lang='lat' dir='ltr'>in</span> <span class='ocrx_word' id='word_1_91' title='bbox 1156 1416 1271 1512; x_wconf 87' lang='lat' dir='ltr'>prima</span> <span class='ocrx_word' id='word_1_92' title='bbox 1294 1435 1395 1515; x_wconf 86' lang='lat' dir='ltr'>parte</span> <span class='ocrx_word' id='word_1_93' title='bbox 1432 1415 1606 1514; x_wconf 79' lang='lat' dir='ltr'>presentis</span> <span class='ocrx_word' id='word_1_94' title='bbox 1638 1411 1731 1491; x_wconf 89' lang='lat' dir='ltr'>ordi·</span> 
     </span>
     <span class='ocr_line' id='line_1_11' title="bbox 194 1512 1731 1616; baseline 0.003 -28"><span class='ocrx_word' id='word_1_95' title='bbox 194 1512 356 1589; x_wconf 86' lang='lat' dir='ltr'>nationis</span> <span class='ocrx_word' id='word_1_96' title='bbox 378 1515 526 1606; x_wconf 87' lang='lat' dir='ltr'>relatis,</span> <span class='ocrx_word' id='word_1_97' title='bbox 549 1519 589 1591; x_wconf 79' lang='lat' dir='ltr'>dc</span> <span class='ocrx_word' id='word_1_98' title='bbox 613 1515 659 1589; x_wconf 89' lang='lat' dir='ltr'>de</span> <span class='ocrx_word' id='word_1_99' title='bbox 683 1517 823 1614; x_wconf 86' lang='lat' dir='ltr'>propria</span> <span class='ocrx_word' id='word_1_100' title='bbox 850 1514 980 1592; x_wconf 72' lang='lat' dir='ltr'>leonis</span> <span class='ocrx_word' id='word_1_101' title='bbox 1014 1515 1267 1610; x_wconf 85' lang='lat' dir='ltr'>concellrone,</span> <span class='ocrx_word' id='word_1_102' title='bbox 1293 1520 1330 1592; x_wconf 94' lang='lat' dir='ltr'>in</span> <span class='ocrx_word' id='word_1_103' title='bbox 1354 1517 1477 1615; x_wconf 87' lang='lat' dir='ltr'>quibus</span> <span class='ocrx_word' id='word_1_104' title='bbox 1511 1515 1665 1616; x_wconf 76' lang='lat' dir='ltr'>expressa</span> <span class='ocrx_word' id='word_1_105' title='bbox 1689 1517 1731 1593; x_wconf 85' lang='lat' dir='ltr'>fit</span> 
     </span>
     <span class='ocr_line' id='line_1_12' title="bbox 194 1612 1733 1718; baseline 0.003 -29"><span class='ocrx_word' id='word_1_106' title='bbox 194 1612 427 1716; x_wconf 80' lang='lat' dir='ltr'>personatum</span> <span class='ocrx_word' id='word_1_107' title='bbox 459 1616 740 1710; x_wconf 77' lang='lat' dir='ltr'>determinatio,</span> <span class='ocrx_word' id='word_1_108' title='bbox 772 1615 906 1694; x_wconf 86' lang='lat' dir='ltr'>salsum</span> <span class='ocrx_word' id='word_1_109' title='bbox 930 1637 1052 1693; x_wconf 87' lang='lat' dir='ltr'>tamen</span> <span class='ocrx_word' id='word_1_110' title='bbox 1076 1617 1125 1693; x_wconf 90' lang='lat' dir='ltr'>est</span> <span class='ocrx_word' id='word_1_111' title='bbox 1161 1619 1207 1693; x_wconf 91' lang='lat' dir='ltr'>de</span> <span class='ocrx_word' id='word_1_112' title='bbox 1242 1620 1430 1718; x_wconf 88' lang='lat' dir='ltr'>privilegiis</span> <span class='ocrx_word' id='word_1_113' title='bbox 1463 1617 1597 1695; x_wconf 88' lang='lat' dir='ltr'>eisdem</span> <span class='ocrx_word' id='word_1_114' title='bbox 1626 1635 1733 1716; x_wconf 86' lang='lat' dir='ltr'>prout</span> 
     </span>
     <span class='ocr_line' id='line_1_13' title="bbox 192 1716 1730 1819; baseline 0.001 -27"><span class='ocrx_word' id='word_1_115' title='bbox 192 1718 372 1792; x_wconf 75' lang='lat' dir='ltr'>contentis</span> <span class='ocrx_word' id='word_1_116' title='bbox 396 1719 436 1793; x_wconf 88' lang='lat' dir='ltr'>in</span> <span class='ocrx_word' id='word_1_117' title='bbox 454 1716 663 1793; x_wconf 79' lang='lat' dir='ltr'>extenfione</span> <span class='ocrx_word' id='word_1_118' title='bbox 694 1721 830 1812; x_wconf 67' lang='lat' dir='ltr'>relaxa,</span> <span class='ocrx_word' id='word_1_119' title='bbox 870 1721 940 1796; x_wconf 91' lang='lat' dir='ltr'>ibi:</span> <span class='ocrx_word' id='word_1_120' title='bbox 967 1726 1014 1793; x_wconf 85' lang='lat' dir='ltr'>Ut</span> <span class='ocrx_word' id='word_1_121' title='bbox 1037 1721 1208 1817; x_wconf 79' lang='lat' dir='ltr'>Serapba&#39;ci</span> <span class='ocrx_word' id='word_1_122' title='bbox 1230 1722 1369 1795; x_wconf 83' lang='lat' dir='ltr'>Ordinis</span> <span class='ocrx_word' id='word_1_123' title='bbox 1402 1719 1590 1819; x_wconf 77' lang='lat' dir='ltr'>profefforer</span> <span class='ocrx_word' id='word_1_124' title='bbox 1620 1747 1730 1795; x_wconf 80' lang='lat' dir='ltr'>omnes</span> 
     </span>
     <span class='ocr_line' id='line_1_14' title="bbox 192 1819 1726 1922; baseline 0.001 -26"><span class='ocrx_word' id='word_1_125' title='bbox 192 1822 257 1896; x_wconf 76' lang='lat' dir='ltr'>&amp;c-</span> <span class='ocrx_word' id='word_1_126' title='bbox 284 1819 346 1895; x_wconf 80' lang='lat' dir='ltr'>tabi</span> <span class='ocrx_word' id='word_1_127' title='bbox 372 1821 524 1912; x_wconf 86' lang='lat' dir='ltr'>dicitur,</span> <span class='ocrx_word' id='word_1_128' title='bbox 550 1820 715 1905; x_wconf 85' lang='lat' dir='ltr'>omnibus</span> <span class='ocrx_word' id='word_1_129' title='bbox 741 1819 979 1897; x_wconf 86' lang='lat' dir='ltr'>Franciscanis</span> <span class='ocrx_word' id='word_1_130' title='bbox 1005 1822 1151 1897; x_wconf 86' lang='lat' dir='ltr'>concedi</span> <span class='ocrx_word' id='word_1_131' title='bbox 1177 1823 1273 1921; x_wconf 89' lang='lat' dir='ltr'>quod</span> <span class='ocrx_word' id='word_1_132' title='bbox 1297 1821 1526 1922; x_wconf 87' lang='lat' dir='ltr'>quibusdam,</span> <span class='ocrx_word' id='word_1_133' title='bbox 1556 1826 1726 1920; x_wconf 87' lang='lat' dir='ltr'>&amp;prout</span> 
     </span>
     <span class='ocr_line' id='line_1_15' title="bbox 191 1918 1730 2023; baseline 0.001 -26"><span class='ocrx_word' id='word_1_134' title='bbox 191 1918 402 2019; x_wconf 67' lang='lat' dir='ltr'>quibasdam</span> <span class='ocrx_word' id='word_1_135' title='bbox 426 1922 474 1996; x_wconf 88' lang='lat' dir='ltr'>ad</span> <span class='ocrx_word' id='word_1_136' title='bbox 496 1945 623 1997; x_wconf 84' lang='lat' dir='ltr'>eorum</span> <span class='ocrx_word' id='word_1_137' title='bbox 647 1925 760 2022; x_wconf 73' lang='lat' dir='ltr'>uitam</span> <span class='ocrx_word' id='word_1_138' title='bbox 780 1942 862 1998; x_wconf 87' lang='lat' dir='ltr'>erat</span> <span class='ocrx_word' id='word_1_139' title='bbox 892 1924 1091 1998; x_wconf 88' lang='lat' dir='ltr'>indultum.</span> <span class='ocrx_word' id='word_1_140' title='bbox 1118 1924 1320 2000; x_wconf 89' lang='lat' dir='ltr'>Videndum</span> <span class='ocrx_word' id='word_1_141' title='bbox 1345 1946 1431 2023; x_wconf 84' lang='lat' dir='ltr'>ergo</span> <span class='ocrx_word' id='word_1_142' title='bbox 1468 1922 1520 1999; x_wconf 88' lang='lat' dir='ltr'>est</span> <span class='ocrx_word' id='word_1_143' title='bbox 1544 1925 1582 1998; x_wconf 89' lang='lat' dir='ltr'>in</span> <span class='ocrx_word' id='word_1_144' title='bbox 1611 1924 1730 1999; x_wconf 79' lang='lat' dir='ltr'>relatis</span> 
     </span>
     <span class='ocr_line' id='line_1_16' title="bbox 194 2021 1732 2124; baseline 0.001 -26"><span class='ocrx_word' id='word_1_145' title='bbox 194 2021 518 2099; x_wconf 65' lang='lat' dir='ltr'>constitutionibus</span> <span class='ocrx_word' id='word_1_146' title='bbox 547 2021 648 2122; x_wconf 66' lang='lat' dir='ltr'>-quae‘</span> <span class='ocrx_word' id='word_1_147' title='bbox 663 2025 844 2124; x_wconf 86' lang='lat' dir='ltr'>privilegia</span> <span class='ocrx_word' id='word_1_148' title='bbox 871 2023 940 2101; x_wconf 81' lang='lat' dir='ltr'>sant</span> <span class='ocrx_word' id='word_1_149' title='bbox 967 2023 1185 2118; x_wconf 83' lang='lat' dir='ltr'>indefinita,</span> <span class='ocrx_word' id='word_1_150' title='bbox 1221 2051 1310 2101; x_wconf 88' lang='lat' dir='ltr'>nam</span> <span class='ocrx_word' id='word_1_151' title='bbox 1331 2025 1410 2101; x_wconf 79' lang='lat' dir='ltr'>hac</span> <span class='ocrx_word' id='word_1_152' title='bbox 1438 2024 1509 2101; x_wconf 80' lang='lat' dir='ltr'>nih</span> <span class='ocrx_word' id='word_1_153' title='bbox 1539 2023 1732 2124; x_wconf 77' lang='lat' dir='ltr'>posteriore</span> 
     </span>
     <span class='ocr_line' id='line_1_17' title="bbox 194 2124 1849 2302; baseline 0.002 -103"><span class='ocrx_word' id='word_1_154' title='bbox 194 2126 314 2302; x_wconf 52' lang='lat' dir='ltr'>:quuo</span> <span class='ocrx_word' id='word_1_155' title='bbox 348 2125 425 2216; x_wconf 77' lang='lat' dir='ltr'>iure</span> <span class='ocrx_word' id='word_1_156' title='bbox 461 2125 735 2221; x_wconf 84' lang='lat' dir='ltr'>interciderint,</span> <span class='ocrx_word' id='word_1_157' title='bbox 772 2146 947 2227; x_wconf 83' lang='lat' dir='ltr'>quantum</span> <span class='ocrx_word' id='word_1_158' title='bbox 983 2125 1036 2204; x_wconf 86' lang='lat' dir='ltr'>est</span> <span class='ocrx_word' id='word_1_159' title='bbox 1059 2149 1103 2203; x_wconf 84' lang='lat' dir='ltr'>ex</span> <span class='ocrx_word' id='word_1_160' title='bbox 1121 2126 1287 2226; x_wconf 77' lang='lat' dir='ltr'>presenti</span> <span class='ocrx_word' id='word_1_161' title='bbox 1310 2128 1561 2221; x_wconf 89' lang='lat' dir='ltr'>ordinatione,</span> <span class='ocrx_word' id='word_1_162' title='bbox 1596 2124 1730 2226; x_wconf 86' lang='lat' dir='ltr'>spirant</span> <span class='ocrx_word' id='word_1_163' title='bbox 1842 2207 1849 2222; x_wconf 63' lang='grc'><em>,</em></span> 
     </span>
    </p>

    <p class='ocr_par' dir='ltr' id='par_1_4' title="bbox 267 2232 882 2301">
     <span class='ocr_line' id='line_1_18' title="bbox 267 2232 882 2301; baseline 0 0"><span class='ocrx_word' id='word_1_164' title='bbox 267 2250 338 2301; x_wconf 88' lang='lat' dir='ltr'>uc.</span> <span class='ocrx_word' id='word_1_165' title='bbox 872 2232 882 2252; x_wconf 67' lang='lat'>⁵</span> 
     </span>
    </p>

    <p class='ocr_par' dir='ltr' id='par_1_5' title="bbox 190 2325 1733 4358">
     <span class='ocr_line' id='line_1_19' title="bbox 292 2325 1729 2426; baseline 0.003 -23"><span class='ocrx_word' id='word_1_166' title='bbox 292 2326 404 2403; x_wconf 76' lang='lat' dir='ltr'>cene</span> <span class='ocrx_word' id='word_1_167' title='bbox 429 2353 473 2404; x_wconf 84' lang='lat' dir='ltr'>ex</span> <span class='ocrx_word' id='word_1_168' title='bbox 498 2325 728 2405; x_wconf 85' lang='lat' dir='ltr'>Pontificibus</span> <span class='ocrx_word' id='word_1_169' title='bbox 754 2330 776 2404; x_wconf 79' lang='lat' dir='ltr'>b</span> <span class='ocrx_word' id='word_1_170' title='bbox 801 2328 925 2406; x_wconf 84' lang='lat' dir='ltr'>Leone</span> <span class='ocrx_word' id='word_1_171' title='bbox 949 2331 1145 2405; x_wconf 87' lang='lat' dir='ltr'>nominatis</span> <span class='ocrx_word' id='word_1_172' title='bbox 1169 2327 1323 2426; x_wconf 69' lang='lat' dir='ltr'>loannes</span> <span class='ocrx_word' id='word_1_173' title='bbox 1341 2326 1470 2416; x_wconf 84' lang='lat' dir='ltr'><strong>XXII.</strong></span> <span class='ocrx_word' id='word_1_174' title='bbox 1509 2327 1729 2407; x_wconf 86' lang='lat' dir='ltr'>constitutio·</span> 
     </span>
     <span class='ocr_line' id='line_1_20' title="bbox 194 2426 1729 2530; baseline 0.001 -26"><span class='ocrx_word' id='word_1_175' title='bbox 194 2452 277 2505; x_wconf 88' lang='lat' dir='ltr'>nem</span> <span class='ocrx_word' id='word_1_176' title='bbox 302 2426 425 2523; x_wconf 84' lang='lat' dir='ltr'>fecit,</span> <span class='ocrx_word' id='word_1_177' title='bbox 462 2429 529 2505; x_wconf 87' lang='lat' dir='ltr'>five</span> <span class='ocrx_word' id='word_1_178' title='bbox 566 2433 693 2508; x_wconf 88' lang='lat' dir='ltr'>cadem</span> <span class='ocrx_word' id='word_1_179' title='bbox 728 2429 772 2507; x_wconf 89' lang='lat' dir='ltr'>stt</span> <span class='ocrx_word' id='word_1_180' title='bbox 798 2434 845 2507; x_wconf 93' lang='lat' dir='ltr'>ad</span> <span class='ocrx_word' id='word_1_181' title='bbox 878 2457 987 2530; x_wconf 88' lang='lat' dir='ltr'>quam</span> <span class='ocrx_word' id='word_1_182' title='bbox 1011 2434 1183 2509; x_wconf 87' lang='lat' dir='ltr'>alluditur</span> <span class='ocrx_word' id='word_1_183' title='bbox 1208 2433 1245 2505; x_wconf 94' lang='lat' dir='ltr'>in</span> <span class='ocrx_word' id='word_1_184' title='bbox 1271 2428 1429 2530; x_wconf 75' lang='lat' dir='ltr'>presenti</span> <span class='ocrx_word' id='word_1_185' title='bbox 1463 2433 1729 2524; x_wconf 87' lang='lat' dir='ltr'>ordinatione,</span> 
     </span>
     <span class='ocr_line' id='line_1_21' title="bbox 192 2529 1728 2632; baseline 0.002 -27"><span class='ocrx_word' id='word_1_186' title='bbox 192 2529 259 2607; x_wconf 89' lang='lat' dir='ltr'>sive</span> <span class='ocrx_word' id='word_1_187' title='bbox 286 2533 356 2608; x_wconf 89' lang='lat' dir='ltr'>alia</span> <span class='ocrx_word' id='word_1_188' title='bbox 382 2531 538 2624; x_wconf 79' lang='lat' dir='ltr'>eiusdem</span> <span class='ocrx_word' id='word_1_189' title='bbox 565 2535 765 2631; x_wconf 88' lang='lat' dir='ltr'>argumenti</span> <span class='ocrx_word' id='word_1_190' title='bbox 792 2539 827 2612; x_wconf 76' lang='lat' dir='ltr'>br</span> <span class='ocrx_word' id='word_1_191' title='bbox 852 2535 1015 2627; x_wconf 88' lang='lat' dir='ltr'>virtutis,</span> <span class='ocrx_word' id='word_1_192' title='bbox 1041 2555 1111 2632; x_wconf 89' lang='lat' dir='ltr'>qua</span> <span class='ocrx_word' id='word_1_193' title='bbox 1135 2533 1315 2609; x_wconf 78' lang='lat' dir='ltr'>Fratribus</span> <span class='ocrx_word' id='word_1_194' title='bbox 1339 2531 1542 2608; x_wconf 85' lang='lat' dir='ltr'>Minoribus</span> <span class='ocrx_word' id='word_1_195' title='bbox 1567 2534 1604 2605; x_wconf 94' lang='lat' dir='ltr'>in</span> <span class='ocrx_word' id='word_1_196' title='bbox 1629 2531 1728 2631; x_wconf 88' lang='lat' dir='ltr'>quas·</span> 
     </span>
     <span class='ocr_line' id='line_1_22' title="bbox 191 2631 1732 2734; baseline 0.001 -25"><span class='ocrx_word' id='word_1_197' title='bbox 191 2656 345 2731; x_wconf 72' lang='lat' dir='ltr'>namque</span> <span class='ocrx_word' id='word_1_198' title='bbox 378 2634 501 2711; x_wconf 88' lang='lat' dir='ltr'>mundi</span> <span class='ocrx_word' id='word_1_199' title='bbox 529 2654 644 2733; x_wconf 85' lang='lat' dir='ltr'>partes</span> <span class='ocrx_word' id='word_1_200' title='bbox 679 2633 993 2734; x_wconf 79' lang='lat' dir='ltr'>proficiscentibtu&#39;</span> <span class='ocrx_word' id='word_1_201' title='bbox 1009 2660 1073 2734; x_wconf 92' lang='lat' dir='ltr'>pro</span> <span class='ocrx_word' id='word_1_202' title='bbox 1107 2633 1278 2711; x_wconf 84' lang='lat' dir='ltr'>exercitio</span> <span class='ocrx_word' id='word_1_203' title='bbox 1315 2635 1518 2711; x_wconf 77' lang='lat' dir='ltr'>missionum</span> <span class='ocrx_word' id='word_1_204' title='bbox 1554 2631 1732 2710; x_wconf 78' lang='lat' dir='ltr'>concellus</span> 
     </span>
     <span class='ocr_line' id='line_1_23' title="bbox 190 2731 1729 2836; baseline 0 -26"><span class='ocrx_word' id='word_1_205' title='bbox 190 2731 264 2810; x_wconf 80' lang='lat' dir='ltr'>suit</span> <span class='ocrx_word' id='word_1_206' title='bbox 287 2732 367 2812; x_wconf 76' lang='lat' dir='ltr'>esau</span> <span class='ocrx_word' id='word_1_207' title='bbox 400 2737 646 2828; x_wconf 73' lang='lat' dir='ltr'>iurisdisiionis</span> <span class='ocrx_word' id='word_1_208' title='bbox 677 2735 778 2836; x_wconf 87' lang='lat' dir='ltr'>quast</span> <span class='ocrx_word' id='word_1_209' title='bbox 806 2736 1015 2836; x_wconf 86' lang='lat' dir='ltr'>episcopalis</span> <span class='ocrx_word' id='word_1_210' title='bbox 1049 2738 1086 2812; x_wconf 94' lang='lat' dir='ltr'>in</span> <span class='ocrx_word' id='word_1_211' title='bbox 1113 2739 1180 2813; x_wconf 89' lang='lat' dir='ltr'>illis</span> <span class='ocrx_word' id='word_1_212' title='bbox 1206 2737 1326 2829; x_wconf 81' lang='lat' dir='ltr'>locis,</span> <span class='ocrx_word' id='word_1_213' title='bbox 1362 2736 1421 2812; x_wconf 88' lang='lat' dir='ltr'>ubi</span> <span class='ocrx_word' id='word_1_214' title='bbox 1447 2736 1617 2812; x_wconf 85' lang='lat' dir='ltr'>catholici</span> <span class='ocrx_word' id='word_1_215' title='bbox 1654 2760 1729 2810; x_wconf 87' lang='lat' dir='ltr'>non</span> 
     </span>
     <span class='ocr_line' id='line_1_24' title="bbox 190 2834 1731 2940; baseline -0.001 -25"><span class='ocrx_word' id='word_1_216' title='bbox 190 2853 295 2915; x_wconf 81' lang='lat' dir='ltr'>erant</span> <span class='ocrx_word' id='word_1_217' title='bbox 318 2838 494 2940; x_wconf 65' lang='lat' dir='ltr'>Episcopi,</span> <span class='ocrx_word' id='word_1_218' title='bbox 525 2858 568 2914; x_wconf 92' lang='lat' dir='ltr'>ut</span> <span class='ocrx_word' id='word_1_219' title='bbox 592 2837 675 2914; x_wconf 91' lang='lat' dir='ltr'>sunt</span> <span class='ocrx_word' id='word_1_220' title='bbox 707 2840 812 2914; x_wconf 83' lang='lat' dir='ltr'>rerba</span> <span class='ocrx_word' id='word_1_221' title='bbox 837 2839 1017 2916; x_wconf 78' lang='lat' dir='ltr'>Benedisii</span> <span class='ocrx_word' id='word_1_222' title='bbox 1040 2836 1140 2915; x_wconf 79' lang='lat' dir='ltr'>xlv.</span> <span class='ocrx_word' id='word_1_223' title='bbox 1166 2844 1265 2927; x_wconf 82' lang='lat' dir='ltr'>(a).</span> <span class='ocrx_word' id='word_1_224' title='bbox 1291 2834 1413 2935; x_wconf 80' lang='lat' dir='ltr'>Qram</span> <span class='ocrx_word' id='word_1_225' title='bbox 1437 2836 1731 2914; x_wconf 85' lang='lat' dir='ltr'>constitutionem</span> 
     </span>
     <span class='ocr_line' id='line_1_25' title="bbox 191 2936 1726 3040; baseline 0.003 -28"><span class='ocrx_word' id='word_1_226' title='bbox 191 2936 310 3013; x_wconf 80' lang='lat' dir='ltr'>adhuc</span> <span class='ocrx_word' id='word_1_227' title='bbox 344 2940 409 3016; x_wconf 86' lang='lat' dir='ltr'>usu</span> <span class='ocrx_word' id='word_1_228' title='bbox 434 2943 550 3040; x_wconf 86' lang='lat' dir='ltr'>vigere</span> <span class='ocrx_word' id='word_1_229' title='bbox 575 2940 713 3017; x_wconf 86' lang='lat' dir='ltr'>constat</span> <span class='ocrx_word' id='word_1_230' title='bbox 736 2966 781 3016; x_wconf 81' lang='lat' dir='ltr'>cx</span> <span class='ocrx_word' id='word_1_231' title='bbox 806 2943 949 3018; x_wconf 72' lang='lat' dir='ltr'>demeto</span> <span class='ocrx_word' id='word_1_232' title='bbox 973 2942 1009 3016; x_wconf 91' lang='lat' dir='ltr'>S.</span> <span class='ocrx_word' id='word_1_233' title='bbox 1034 2939 1334 3039; x_wconf 77' lang='lat' dir='ltr'>congregationis</span> <span class='ocrx_word' id='word_1_234' title='bbox 1360 2941 1488 3016; x_wconf 91' lang='lat' dir='ltr'>ibidem</span> <span class='ocrx_word' id='word_1_235' title='bbox 1514 2943 1535 3015; x_wconf 75' lang='lat' dir='ltr'>i</span> <span class='ocrx_word' id='word_1_236' title='bbox 1571 2939 1726 3016; x_wconf 86' lang='lat' dir='ltr'>Summo</span> 
     </span>
     <span class='ocr_line' id='line_1_26' title="bbox 196 3040 1728 3140; baseline 0.004 -27"><span class='ocrx_word' id='word_1_237' title='bbox 196 3040 357 3116; x_wconf 78' lang='lat' dir='ltr'>Authore</span> <span class='ocrx_word' id='word_1_238' title='bbox 381 3044 518 3133; x_wconf 87' lang='lat' dir='ltr'>relato,</span> <span class='ocrx_word' id='word_1_239' title='bbox 543 3044 642 3117; x_wconf 90' lang='lat' dir='ltr'>edito</span> <span class='ocrx_word' id='word_1_240' title='bbox 675 3063 709 3138; x_wconf 87' lang='lat'>5.</span> <span class='ocrx_word' id='word_1_241' title='bbox 735 3043 850 3139; x_wconf 82' lang='lat' dir='ltr'>April.</span> <span class='ocrx_word' id='word_1_242' title='bbox 889 3065 1000 3140; x_wconf 81' lang='lat'>¹704·</span> <span class='ocrx_word' id='word_1_243' title='bbox 1027 3044 1066 3116; x_wconf 95' lang='lat' dir='ltr'>in</span> <span class='ocrx_word' id='word_1_244' title='bbox 1091 3040 1195 3117; x_wconf 88' lang='lat' dir='ltr'>causa</span> <span class='ocrx_word' id='word_1_245' title='bbox 1222 3040 1477 3118; x_wconf 87' lang='lat' dir='ltr'>Marochitana</span> <span class='ocrx_word' id='word_1_246' title='bbox 1502 3041 1592 3116; x_wconf 85' lang='lat' dir='ltr'>Ven.</span> <span class='ocrx_word' id='word_1_247' title='bbox 1627 3042 1728 3119; x_wconf 81' lang='lat' dir='ltr'>Serri</span> 
     </span>
     <span class='ocr_line' id='line_1_27' title="bbox 197 3136 1731 3241; baseline 0.001 -23"><span class='ocrx_word' id='word_1_248' title='bbox 197 3136 262 3218; x_wconf 86' lang='lat' dir='ltr'>Dei</span> <span class='ocrx_word' id='word_1_249' title='bbox 287 3140 443 3240; x_wconf 81' lang='lat' dir='ltr'>Joannis</span> <span class='ocrx_word' id='word_1_250' title='bbox 468 3143 513 3215; x_wconf 91' lang='lat' dir='ltr'>de</span> <span class='ocrx_word' id='word_1_251' title='bbox 539 3141 689 3232; x_wconf 87' lang='lat' dir='ltr'>Prado,</span> <span class='ocrx_word' id='word_1_252' title='bbox 726 3166 798 3238; x_wconf 88' lang='lat' dir='ltr'>quo</span> <span class='ocrx_word' id='word_1_253' title='bbox 825 3144 1020 3240; x_wconf 88' lang='lat' dir='ltr'>approbata</span> <span class='ocrx_word' id='word_1_254' title='bbox 1052 3138 1125 3218; x_wconf 85' lang='lat' dir='ltr'>suit</span> <span class='ocrx_word' id='word_1_255' title='bbox 1152 3143 1316 3218; x_wconf 83' lang='lat' dir='ltr'>validitas</span> <span class='ocrx_word' id='word_1_256' title='bbox 1342 3143 1515 3241; x_wconf 85' lang='lat' dir='ltr'>procellus</span> <span class='ocrx_word' id='word_1_257' title='bbox 1544 3144 1682 3219; x_wconf 90' lang='lat' dir='ltr'>conditi</span> <span class='ocrx_word' id='word_1_258' title='bbox 1709 3144 1731 3219; x_wconf 72' lang='lat' dir='ltr'>b</span> 
     </span>
     <span class='ocr_line' id='line_1_28' title="bbox 196 3240 1733 3346; baseline 0.001 -28"><span class='ocrx_word' id='word_1_259' title='bbox 196 3247 352 3340; x_wconf 80' lang='lat' dir='ltr'>quodam</span> <span class='ocrx_word' id='word_1_260' title='bbox 377 3240 434 3316; x_wconf 80' lang='lat' dir='ltr'>Fr.</span> <span class='ocrx_word' id='word_1_261' title='bbox 461 3242 606 3332; x_wconf 84' lang='lat' dir='ltr'>Mathia</span> <span class='ocrx_word' id='word_1_262' title='bbox 620 3241 875 3346; x_wconf 85' lang='lat' dir='ltr'>miffionario,</span> <span class='ocrx_word' id='word_1_263' title='bbox 900 3268 1104 3343; x_wconf 84' lang='lat' dir='ltr'>quanquam</span> <span class='ocrx_word' id='word_1_264' title='bbox 1130 3242 1175 3317; x_wconf 92' lang='lat' dir='ltr'>ab</span> <span class='ocrx_word' id='word_1_265' title='bbox 1208 3243 1409 3319; x_wconf 88' lang='lat' dir='ltr'>Ordinario</span> <span class='ocrx_word' id='word_1_266' title='bbox 1442 3242 1520 3319; x_wconf 91' lang='lat' dir='ltr'>solo</span> <span class='ocrx_word' id='word_1_267' title='bbox 1546 3241 1733 3320; x_wconf 86' lang='lat' dir='ltr'>cotrsrcicn·</span> 
     </span>
     <span class='ocr_line' id='line_1_29' title="bbox 195 3343 1732 3442; baseline 0.002 -23"><span class='ocrx_word' id='word_1_268' title='bbox 195 3348 255 3419; x_wconf 81' lang='lat' dir='ltr'>dus</span> <span class='ocrx_word' id='word_1_269' title='bbox 277 3363 383 3438; x_wconf 88' lang='lat' dir='ltr'>erat,</span> <span class='ocrx_word' id='word_1_270' title='bbox 409 3343 545 3420; x_wconf 78' lang='lat' dir='ltr'>scilicet</span> <span class='ocrx_word' id='word_1_271' title='bbox 570 3346 654 3442; x_wconf 88' lang='lat' dir='ltr'>quia</span> <span class='ocrx_word' id='word_1_272' title='bbox 688 3368 752 3442; x_wconf 91' lang='lat' dir='ltr'>per</span> <span class='ocrx_word' id='word_1_273' title='bbox 775 3345 907 3419; x_wconf 73' lang='lat' dir='ltr'>dislatn</span> <span class='ocrx_word' id='word_1_274' title='bbox 941 3343 1090 3442; x_wconf 87' lang='lat' dir='ltr'>Joannis</span> <span class='ocrx_word' id='word_1_275' title='bbox 1115 3344 1236 3420; x_wconf 73' lang='lat' dir='ltr'>xxm</span> <span class='ocrx_word' id='word_1_276' title='bbox 1263 3343 1553 3421; x_wconf 76' lang='lat' dir='ltr'>constitutionem</span> <span class='ocrx_word' id='word_1_277' title='bbox 1589 3345 1732 3422; x_wconf 85' lang='lat' dir='ltr'>Franci·</span> 
     </span>
     <span class='ocr_line' id='line_1_30' title="bbox 192 3443 1725 3549; baseline 0.001 -28"><span class='ocrx_word' id='word_1_278' title='bbox 192 3443 285 3522; x_wconf 85' lang='lat' dir='ltr'>scani</span> <span class='ocrx_word' id='word_1_279' title='bbox 312 3448 351 3521; x_wconf 88' lang='lat' dir='ltr'>in</span> <span class='ocrx_word' id='word_1_280' title='bbox 375 3446 476 3523; x_wconf 76' lang='lat' dir='ltr'>dieis</span> <span class='ocrx_word' id='word_1_281' title='bbox 501 3447 589 3522; x_wconf 85' lang='lat' dir='ltr'>locis</span> <span class='ocrx_word' id='word_1_282' title='bbox 610 3445 694 3522; x_wconf 90' lang='lat' dir='ltr'>sunt</span> <span class='ocrx_word' id='word_1_283' title='bbox 717 3443 815 3545; x_wconf 83' lang='lat' dir='ltr'>quasi</span> <span class='ocrx_word' id='word_1_284' title='bbox 840 3444 1025 3523; x_wconf 85' lang='lat' dir='ltr'>Ordinatii</span> <span class='ocrx_word' id='word_1_285' title='bbox 1037 3501 1047 3537; x_wconf 92' lang='lat'>,</span> <span class='ocrx_word' id='word_1_286' title='bbox 1072 3445 1195 3545; x_wconf 90' lang='lat' dir='ltr'>quibus</span> <span class='ocrx_word' id='word_1_287' title='bbox 1219 3470 1262 3523; x_wconf 86' lang='lat' dir='ltr'>ea</span> <span class='ocrx_word' id='word_1_288' title='bbox 1288 3448 1398 3522; x_wconf 86' lang='lat' dir='ltr'>licent</span> <span class='ocrx_word' id='word_1_289' title='bbox 1422 3472 1498 3549; x_wconf 84' lang='lat' dir='ltr'>quae</span> <span class='ocrx_word' id='word_1_290' title='bbox 1522 3445 1725 3549; x_wconf 87' lang='lat' dir='ltr'>Episcopis,</span> 
     </span>
     <span class='ocr_line' id='line_1_31' title="bbox 192 3546 1729 3765; baseline -0.003 -41"><span class='ocrx_word' id='word_1_291' title='bbox 192 3568 347 3725; x_wconf 63' lang='lat' dir='ltr'>excepshs</span> <span class='ocrx_word' id='word_1_292' title='bbox 364 3550 523 3727; x_wconf 50' lang='lat' dir='ltr'>silislosib</span> <span class='ocrx_word' id='word_1_293' title='bbox 546 3546 1144 3743; x_wconf 48' lang='lat' dir='ltr'>P(idresdsiiil&#39;lsrffi‘diiiihisliebas:1tubi</span> <span class='ocrx_word' id='word_1_294' title='bbox 1167 3648 1285 3765; x_wconf 85' lang='lat' dir='ltr'>sermo</span> <span class='ocrx_word' id='word_1_295' title='bbox 1310 3648 1352 3728; x_wconf 89' lang='lat' dir='ltr'>fit</span> <span class='ocrx_word' id='word_1_296' title='bbox 1376 3651 1422 3729; x_wconf 90' lang='lat' dir='ltr'>de</span> <span class='ocrx_word' id='word_1_297' title='bbox 1444 3654 1614 3753; x_wconf 89' lang='lat' dir='ltr'>opinione</span> <span class='ocrx_word' id='word_1_298' title='bbox 1637 3653 1729 3744; x_wconf 84' lang='lat' dir='ltr'>judi.</span> 
     </span>
     <span class='ocr_line' id='line_1_32' title="bbox 190 3750 1731 3853; baseline 0.001 -25"><span class='ocrx_word' id='word_1_299' title='bbox 190 3752 353 3828; x_wconf 75' lang='lat' dir='ltr'>cantium</span> <span class='ocrx_word' id='word_1_300' title='bbox 377 3750 589 3829; x_wconf 88' lang='lat' dir='ltr'>facultatem</span> <span class='ocrx_word' id='word_1_301' title='bbox 612 3750 883 3828; x_wconf 82' lang='lat' dir='ltr'>administrandi</span> <span class='ocrx_word' id='word_1_302' title='bbox 908 3752 1185 3829; x_wconf 87' lang='lat' dir='ltr'>Sacramentum</span> <span class='ocrx_word' id='word_1_303' title='bbox 1211 3751 1518 3849; x_wconf 88' lang='lat' dir='ltr'>confirmationis,</span> <span class='ocrx_word' id='word_1_304' title='bbox 1549 3780 1625 3830; x_wconf 92' lang='lat' dir='ltr'>non</span> <span class='ocrx_word' id='word_1_305' title='bbox 1652 3753 1731 3853; x_wconf 90' lang='lat' dir='ltr'>pos-</span> 
     </span>
     <span class='ocr_line' id='line_1_33' title="bbox 192 3850 1727 3953; baseline 0.001 -25"><span class='ocrx_word' id='word_1_306' title='bbox 192 3850 408 3951; x_wconf 80' lang='lat' dir='ltr'>sedelegari</span> <span class='ocrx_word' id='word_1_307' title='bbox 433 3853 636 3953; x_wconf 87' lang='lat' dir='ltr'>presbyteris</span> <span class='ocrx_word' id='word_1_308' title='bbox 661 3878 743 3931; x_wconf 87' lang='lat' dir='ltr'>eam</span> <span class='ocrx_word' id='word_1_309' title='bbox 767 3855 812 3929; x_wconf 88' lang='lat' dir='ltr'>de</span> <span class='ocrx_word' id='word_1_310' title='bbox 845 3853 911 3928; x_wconf 91' lang='lat' dir='ltr'>suo</span> <span class='ocrx_word' id='word_1_311' title='bbox 936 3879 1011 3929; x_wconf 90' lang='lat' dir='ltr'>non</span> <span class='ocrx_word' id='word_1_312' title='bbox 1036 3854 1243 3929; x_wconf 89' lang='lat' dir='ltr'>habentibus</span> <span class='ocrx_word' id='word_1_313' title='bbox 1268 3908 1280 3945; x_wconf 92' lang='lat'><strong>‚</strong></span> <span class='ocrx_word' id='word_1_314' title='bbox 1313 3851 1360 3926; x_wconf 82' lang='lat' dir='ltr'>stc</span> <span class='ocrx_word' id='word_1_315' title='bbox 1385 3853 1495 3930; x_wconf 89' lang='lat' dir='ltr'>habet</span> <span class='ocrx_word' id='word_1_316' title='bbox 1527 3853 1636 3930; x_wconf 86' lang='lat' dir='ltr'>Card.</span> <span class='ocrx_word' id='word_1_317' title='bbox 1662 3854 1727 3930; x_wconf 86' lang='lat' dir='ltr'>Pa-</span> 
     </span>
     <span class='ocr_line' id='line_1_34' title="bbox 192 3949 1728 4053; baseline 0.002 -27"><span class='ocrx_word' id='word_1_318' title='bbox 192 3954 382 4031; x_wconf 82' lang='lat' dir='ltr'>lavicinus:</span> <span class='ocrx_word' id='word_1_319' title='bbox 409 3961 461 4031; x_wconf 79' lang='lat' dir='ltr'>Fu</span> <span class='ocrx_word' id='word_1_320' title='bbox 497 3952 614 4029; x_wconf 78' lang='lat' dir='ltr'>altresi</span> <span class='ocrx_word' id='word_1_321' title='bbox 649 3957 684 4031; x_wconf 87' lang='lat' dir='ltr'>d&#39;</span> <span class='ocrx_word' id='word_1_322' title='bbox 704 3955 867 4030; x_wconf 84' lang='lat' dir='ltr'>Adriano</span> <span class='ocrx_word' id='word_1_323' title='bbox 893 3956 931 4029; x_wconf 91' lang='lat' dir='ltr'>in</span> <span class='ocrx_word' id='word_1_324' title='bbox 953 3957 1013 4030; x_wconf 85' lang='lat' dir='ltr'>cio</span> <span class='ocrx_word' id='word_1_325' title='bbox 1041 3954 1106 4029; x_wconf 91' lang='lat' dir='ltr'>che</span> <span class='ocrx_word' id='word_1_326' title='bbox 1131 3953 1243 4027; x_wconf 81' lang='lat' dir='ltr'>scrisse</span> <span class='ocrx_word' id='word_1_327' title='bbox 1270 3949 1391 4028; x_wconf 85' lang='lat' dir='ltr'>avanti</span> <span class='ocrx_word' id='word_1_328' title='bbox 1418 3957 1443 4029; x_wconf 94' lang='lat' dir='ltr'>il</span> <span class='ocrx_word' id='word_1_329' title='bbox 1476 3951 1728 4053; x_wconf 88' lang='lat' dir='ltr'>pontificato,</span> 
     </span>
     <span class='ocr_line' id='line_1_35' title="bbox 191 4051 1728 4156; baseline -0.001 -26"><span class='ocrx_word' id='word_1_330' title='bbox 191 4081 252 4130; x_wconf 88' lang='lat' dir='ltr'>tna</span> <span class='ocrx_word' id='word_1_331' title='bbox 276 4076 469 4155; x_wconf 79' lang='lat' dir='ltr'>perrenuto</span> <span class='ocrx_word' id='word_1_332' title='bbox 494 4059 516 4132; x_wconf 76' lang='grc' dir='ltr'>ὲ</span> <span class='ocrx_word' id='word_1_333' title='bbox 543 4058 623 4155; x_wconf 87' lang='lat' dir='ltr'>quel</span> <span class='ocrx_word' id='word_1_334' title='bbox 643 4058 759 4156; x_wconf 75' lang='lat' dir='ltr'>grado</span> <span class='ocrx_word' id='word_1_335' title='bbox 783 4053 878 4154; x_wconf 85' lang='lat' dir='ltr'>segui</span> <span class='ocrx_word' id='word_1_336' title='bbox 903 4059 937 4131; x_wconf 88' lang='lat' dir='ltr'>le</span> <span class='ocrx_word' id='word_1_337' title='bbox 963 4054 1105 4154; x_wconf 84' lang='lat' dir='ltr'>vestigia</span> <span class='ocrx_word' id='word_1_338' title='bbox 1133 4053 1192 4128; x_wconf 91' lang='lat' dir='ltr'>del</span> <span class='ocrx_word' id='word_1_339' title='bbox 1218 4051 1456 4148; x_wconf 80' lang='lat' dir='ltr'>antecessore,</span> <span class='ocrx_word' id='word_1_340' title='bbox 1481 4061 1518 4134; x_wconf 73' lang='grc' dir='ltr'>δι</span> <span class='ocrx_word' id='word_1_341' title='bbox 1543 4055 1589 4131; x_wconf 89' lang='lat' dir='ltr'>ad</span> <span class='ocrx_word' id='word_1_342' title='bbox 1623 4052 1728 4130; x_wconf 91' lang='lat' dir='ltr'>istan-</span> 
     </span>
     <span class='ocr_line' id='line_1_36' title="bbox 190 4152 1724 4258; baseline -0.001 -27"><span class='ocrx_word' id='word_1_343' title='bbox 190 4178 232 4231; x_wconf 74' lang='grc' dir='ltr'>ια</span> <span class='ocrx_word' id='word_1_344' title='bbox 256 4157 296 4232; x_wconf 89' lang='lat' dir='ltr'>di</span> <span class='ocrx_word' id='word_1_345' title='bbox 320 4158 387 4234; x_wconf 70' lang='lat' dir='ltr'>rra</span> <span class='ocrx_word' id='word_1_346' title='bbox 413 4159 557 4234; x_wconf 82' lang='lat' dir='ltr'>Giovan</span> <span class='ocrx_word' id='word_1_347' title='bbox 582 4158 739 4258; x_wconf 79' lang='lat' dir='ltr'>Clapion</span> <span class='ocrx_word' id='word_1_348' title='bbox 763 4156 785 4232; x_wconf 83' lang='grc' dir='ltr'>ὲ</span> <span class='ocrx_word' id='word_1_349' title='bbox 809 4158 845 4232; x_wconf 94' lang='lat' dir='ltr'>di</span> <span class='ocrx_word' id='word_1_350' title='bbox 872 4152 977 4234; x_wconf 86' lang='lat' dir='ltr'>Frate</span> <span class='ocrx_word' id='word_1_351' title='bbox 1001 4154 1196 4232; x_wconf 85' lang='lat' dir='ltr'>Francesco</span> <span class='ocrx_word' id='word_1_352' title='bbox 1220 4156 1313 4252; x_wconf 84' lang='lat' dir='ltr'>degli</span> <span class='ocrx_word' id='word_1_353' title='bbox 1340 4155 1471 4258; x_wconf 86' lang='lat' dir='ltr'>Angeli</span> <span class='ocrx_word' id='word_1_354' title='bbox 1505 4163 1521 4248; x_wconf 97' lang='lat'>(</span> <span class='ocrx_word' id='word_1_355' title='bbox 1550 4157 1724 4233; x_wconf 86' lang='lat' dir='ltr'>amendue</span> 
     </span>
     <span class='ocr_line' id='line_1_37' title="bbox 191 4252 1725 4358; baseline 0.004 -28"><span class='ocrx_word' id='word_1_356' title='bbox 191 4252 379 4335; x_wconf 80' lang='lat' dir='ltr'>consessori</span> <span class='ocrx_word' id='word_1_357' title='bbox 404 4262 443 4335; x_wconf 92' lang='lat' dir='ltr'>di</span> <span class='ocrx_word' id='word_1_358' title='bbox 478 4255 591 4355; x_wconf 86' lang='lat' dir='ltr'>Carlo</span> <span class='ocrx_word' id='word_1_359' title='bbox 617 4261 687 4353; x_wconf 89' lang='lat' dir='ltr'>V.,</span> <span class='ocrx_word' id='word_1_360' title='bbox 712 4259 733 4335; x_wconf 79' lang='grc' dir='ltr'>ὲ</span> <span class='ocrx_word' id='word_1_361' title='bbox 768 4261 793 4333; x_wconf 89' lang='lat' dir='ltr'>l&#39;</span> <span class='ocrx_word' id='word_1_362' title='bbox 802 4258 934 4336; x_wconf 90' lang='lat' dir='ltr'>ultimo</span> <span class='ocrx_word' id='word_1_363' title='bbox 958 4260 1056 4358; x_wconf 89' lang='lat' dir='ltr'>dipoi</span> <span class='ocrx_word' id='word_1_364' title='bbox 1079 4256 1309 4347; x_wconf 87' lang='lat' dir='ltr'>Cardinale)</span> <span class='ocrx_word' id='word_1_365' title='bbox 1335 4260 1543 4336; x_wconf 89' lang='lat' dir='ltr'>concedette</span> <span class='ocrx_word' id='word_1_366' title='bbox 1578 4253 1725 4336; x_wconf 78' lang='lat' dir='ltr'>dFrati</span> 
     </span>
    </p>
   </div>
   <div class='ocr_carea' id='block_1_3' title="bbox 194 4356 1911 4846">
    <p class='ocr_par' dir='ltr' id='par_1_6' title="bbox 194 4356 1911 4846">
     <span class='ocr_line' id='line_1_38' title="bbox 194 4356 1724 4544; baseline 0.003 -111"><span class='ocrx_word' id='word_1_367' title='bbox 194 4356 333 4434; x_wconf 88' lang='lat' dir='ltr'>Minori</span> <span class='ocrx_word' id='word_1_368' title='bbox 355 4356 491 4440; x_wconf 82' lang='lat' dir='ltr'>facolta</span> <span class='ocrx_word' id='word_1_369' title='bbox 500 4363 554 4544; x_wconf 54' lang='lat' dir='ltr'>ji</span> <span class='ocrx_word' id='word_1_370' title='bbox 580 4362 777 4438; x_wconf 89' lang='lat' dir='ltr'>ministrare</span> <span class='ocrx_word' id='word_1_371' title='bbox 802 4387 853 4436; x_wconf 90' lang='lat' dir='ltr'>un</span> <span class='ocrx_word' id='word_1_372' title='bbox 878 4365 930 4438; x_wconf 91' lang='lat' dir='ltr'>tal</span> <span class='ocrx_word' id='word_1_373' title='bbox 953 4361 1178 4438; x_wconf 85' lang='lat' dir='ltr'>sacramento</span> <span class='ocrx_word' id='word_1_374' title='bbox 1203 4361 1296 4436; x_wconf 85' lang='lat' dir='ltr'>nelle</span> <span class='ocrx_word' id='word_1_375' title='bbox 1322 4358 1423 4436; x_wconf 90' lang='lat' dir='ltr'>lndie</span> <span class='ocrx_word' id='word_1_376' title='bbox 1451 4386 1516 4437; x_wconf 85' lang='lat' dir='ltr'>ove</span> <span class='ocrx_word' id='word_1_377' title='bbox 1543 4386 1724 4438; x_wconf 89' lang='lat' dir='ltr'>mancano</span> 
     </span>
     <span class='ocr_line' id='line_1_39' title="bbox 194 4459 1911 4564; baseline 0.005 -31"><span class='ocrx_word' id='word_1_378' title='bbox 194 4459 208 4534; x_wconf 92' lang='lat' dir='ltr'>i</span> <span class='ocrx_word' id='word_1_379' title='bbox 230 4460 400 4539; x_wconf 75' lang='lat' dir='ltr'>Vescori:</span> <span class='ocrx_word' id='word_1_380' title='bbox 427 4467 453 4540; x_wconf 92' lang='lat' dir='ltr'>il</span> <span class='ocrx_word' id='word_1_381' title='bbox 470 4488 500 4564; x_wconf 90' lang='lat' dir='ltr'>·q</span> <span class='ocrx_word' id='word_1_382' title='bbox 527 4465 561 4539; x_wconf 89' lang='lat' dir='ltr'>al</span> <span class='ocrx_word' id='word_1_383' title='bbox 587 4463 772 4562; x_wconf 86' lang='lat' dir='ltr'>privilegio</span> <span class='ocrx_word' id='word_1_384' title='bbox 808 4464 1017 4540; x_wconf 88' lang='lat' dir='ltr'>authentico</span> <span class='ocrx_word' id='word_1_385' title='bbox 1043 4463 1071 4540; x_wconf 86' lang='lat' dir='ltr'>fi</span> <span class='ocrx_word' id='word_1_386' title='bbox 1106 4461 1273 4538; x_wconf 83' lang='lat' dir='ltr'>conserva</span> <span class='ocrx_word' id='word_1_387' title='bbox 1299 4463 1358 4537; x_wconf 91' lang='lat' dir='ltr'>nel</span> <span class='ocrx_word' id='word_1_388' title='bbox 1384 4462 1587 4539; x_wconf 90' lang='lat' dir='ltr'>monastero</span> <span class='ocrx_word' id='word_1_389' title='bbox 1620 4465 1655 4540; x_wconf 93' lang='lat' dir='ltr'>di</span> <span class='ocrx_word' id='word_1_390' title='bbox 1682 4464 1719 4541; x_wconf 87' lang='lat' dir='ltr'>S.</span> <span class='ocrx_word' id='word_1_391' title='bbox 1753 4509 1755 4513; x_wconf 95' lang='lat'>·</span> <span class='ocrx_word' id='word_1_392' title='bbox 1844 4523 1850 4563; x_wconf 79' lang='lat'>,</span> <span class='ocrx_word' id='word_1_393' title='bbox 1905 4498 1911 4513; x_wconf 94' lang='lat'><strong>·</strong></span> 
     </span>
     <span class='ocr_line' id='line_1_40' title="bbox 197 4556 1728 4667; baseline 0.005 -32"><span class='ocrx_word' id='word_1_394' title='bbox 197 4556 388 4641; x_wconf 82' lang='lat' dir='ltr'>Franoesco</span> <span class='ocrx_word' id='word_1_395' title='bbox 413 4561 450 4642; x_wconf 90' lang='lat' dir='ltr'>di</span> <span class='ocrx_word' id='word_1_396' title='bbox 474 4563 646 4666; x_wconf 83' lang='lat' dir='ltr'>Siviglia:</span> <span class='ocrx_word' id='word_1_397' title='bbox 673 4565 764 4659; x_wconf 78' lang='lat' dir='ltr'>dte,</span> <span class='ocrx_word' id='word_1_398' title='bbox 791 4566 851 4664; x_wconf 91' lang='lat' dir='ltr'>piu</span> <span class='ocrx_word' id='word_1_399' title='bbox 873 4587 1079 4642; x_wconf 90' lang='lat' dir='ltr'>veramente</span> <span class='ocrx_word' id='word_1_400' title='bbox 1103 4562 1383 4667; x_wconf 85' lang='lat' dir='ltr'>confirmazione</span> <span class='ocrx_word' id='word_1_401' title='bbox 1406 4565 1463 4643; x_wconf 85' lang='lat' dir='ltr'>de’</span> <span class='ocrx_word' id='word_1_402' title='bbox 1475 4565 1629 4663; x_wconf 86' lang='lat' dir='ltr'>privilegi</span> <span class='ocrx_word' id='word_1_403' title='bbox 1641 4590 1728 4642; x_wconf 81' lang='lat' dir='ltr'>con·</span> 
     </span>
     <span class='ocr_line' id='line_1_41' title="bbox 195 4660 1722 4786; baseline 0 -41"><span class='ocrx_word' id='word_1_404' title='bbox 195 4665 306 4745; x_wconf 77' lang='lat' dir='ltr'>tedttti</span> <span class='ocrx_word' id='word_1_405' title='bbox 330 4667 381 4746; x_wconf 90' lang='lat' dir='ltr'>da</span> <span class='ocrx_word' id='word_1_406' title='bbox 407 4671 482 4746; x_wconf 83' lang='lat' dir='ltr'>vari</span> <span class='ocrx_word' id='word_1_407' title='bbox 507 4665 680 4747; x_wconf 87' lang='lat' dir='ltr'>Pontefici</span> <span class='ocrx_word' id='word_1_408' title='bbox 705 4668 926 4781; x_wconf 61' lang='lat' dir='ltr'>antecedenti.</span> <span class='ocrx_word' id='word_1_409' title='bbox 952 4667 1000 4744; x_wconf 89' lang='lat' dir='ltr'>Et</span> <span class='ocrx_word' id='word_1_410' title='bbox 1026 4667 1201 4747; x_wconf 87' lang='lat' dir='ltr'>recentior</span> <span class='ocrx_word' id='word_1_411' title='bbox 1224 4666 1373 4765; x_wconf 88' lang='lat' dir='ltr'>quidam</span> <span class='ocrx_word' id='word_1_412' title='bbox 1387 4660 1566 4768; x_wconf 80' lang='lat' dir='ltr'>professor</span> <span class='ocrx_word' id='word_1_413' title='bbox 1590 4668 1722 4786; x_wconf 72' lang='lat' dir='ltr'>&#39;l&#39;irna-</span> 
     </span>
     <span class='ocr_line' id='line_1_42' title="bbox 1581 4795 1676 4846; baseline 0.011 -1"><span class='ocrx_word' id='word_1_414' title='bbox 1581 4795 1676 4846; x_wconf 88' lang='lat' dir='ltr'>vren·</span> 
     </span>
    </p>
   </div>
   <div class='ocr_carea' id='block_1_4' title="bbox 227 5093 1489 5177">
    <p class='ocr_par' dir='ltr' id='par_1_7' title="bbox 227 5093 1489 5177">
     <span class='ocr_line' id='line_1_43' title="bbox 227 5093 1489 5177; baseline -0.002 -14"><span class='ocrx_word' id='word_1_415' title='bbox 227 5093 289 5168; x_wconf 61' lang='grc' dir='ltr'><strong>(ι’)</strong></span> <span class='ocrx_word' id='word_1_416' title='bbox 301 5098 342 5159; x_wconf 82' lang='lat' dir='ltr'>·B·</span> <span class='ocrx_word' id='word_1_417' title='bbox 361 5100 438 5162; x_wconf 79' lang='lat' dir='ltr'>XIV·</span> <span class='ocrx_word' id='word_1_418' title='bbox 457 5097 508 5162; x_wconf 75' lang='lat' dir='ltr'>ab.</span> <span class='ocrx_word' id='word_1_419' title='bbox 529 5121 555 5158; x_wconf 78' lang='lat' dir='ltr'>a·</span> <span class='ocrx_word' id='word_1_420' title='bbox 573 5102 617 5165; x_wconf 73' lang='lat' dir='ltr'>Dr</span> <span class='ocrx_word' id='word_1_421' title='bbox 634 5100 741 5177; x_wconf 59' lang='lat' dir='ltr'>Baetis</span> <span class='ocrx_word' id='word_1_422' title='bbox 760 5107 821 5162; x_wconf 63' lang='lat' dir='ltr'>&amp;c-</span> <span class='ocrx_word' id='word_1_423' title='bbox 840 5116 904 5170; x_wconf 81' lang='lat' dir='ltr'>cap·</span> <span class='ocrx_word' id='word_1_424' title='bbox 925 5119 953 5157; x_wconf 81' lang='lat' dir='ltr'>a.</span> <span class='ocrx_word' id='word_1_425' title='bbox 991 5096 1051 5172; x_wconf 85' lang='lat' dir='ltr'>(b)</span> <span class='ocrx_word' id='word_1_426' title='bbox 1070 5097 1203 5159; x_wconf 63' lang='lat' dir='ltr'>eurvic-</span> <span class='ocrx_word' id='word_1_427' title='bbox 1222 5093 1273 5155; x_wconf 73' lang='lat' dir='ltr'>lr&#39;b.</span> <span class='ocrx_word' id='word_1_428' title='bbox 1295 5100 1322 5150; x_wconf 76' lang='lat'>8.</span> <span class='ocrx_word' id='word_1_429' title='bbox 1343 5113 1421 5154; x_wconf 75' lang='lat' dir='ltr'>nam·</span> <span class='ocrx_word' id='word_1_430' title='bbox 1443 5115 1489 5161; x_wconf 72' lang='lat'>47·</span> 
     </span>
    </p>
   </div>
   <div class='ocr_carea' id='block_1_5' title="bbox 0 0 1936 5686">
    <p class='ocr_par' dir='ltr' id='par_1_8' title="bbox 0 0 1936 5686">
     <span class='ocr_line' id='line_1_44' title="bbox 0 0 1936 5686; baseline 0 0"><span class='ocrx_word' id='word_1_431' title='bbox 0 0 1936 5686; x_wconf 95' lang='lat' dir='ltr'> </span> 
     </span>
    </p>
   </div>
  </div>
 </body>
</html>
