3864 5686
341 307 400 378 oa
765 266 1348 375 Onoruurrouus
1496 390 1497 393 q

292 444 472 520 tationem
495 437 615 518 venire
637 440 780 540 potuit3
807 440 877 514 iliis
895 459 1018 516 tamen
1043 437 1072 512 fi
1094 436 1205 514 fidem
1223 437 1359 513 faciunt
1384 435 1431 511 de
1458 435 1554 536 globi
1595 444 1769 540 tetraquei
1792 440 1833 517 fi-

254 568 403 644 fgura,
428 542 579 622 minime
604 541 791 618 conficitur
814 544 862 618 ad
887 544 1111 618 occidentem
1133 542 1201 617 esse
1219 539 1350 615 insulas
1374 539 1431 615 vel
1455 543 1616 639 regiones
1639 568 1750 642 opum
1778 548 1829 620 in·
1893 587 1895 590 ·

290 649 476 737 dicatum,
502 646 578 720 auri
603 650 639 724 bt·
658 647 815 746 argenti,
841 646 1028 743 prodigas.
1052 645 1101 719 Et
1129 665 1251 718 tamen
1269 641 1435 719 Colonus
1460 644 1504 718 de
1531 647 1719 743 regionum
1740 673 1833 746 opu-

289 751 424 841 lentia,
450 771 515 821 nec
543 768 684 823 tantum
709 748 752 823 de
789 747 971 821 existentia
997 744 1161 843 promissa
1187 744 1307 838 fecit,
1344 765 1386 821 ut
1412 743 1560 844 ipsemet
1595 749 1751 824 Herreta
1779 773 1836 826 te·

287 849 424 942 statur,¹
447 850 537 926 dum
561 850 633 925 ait:
661 851 767 949 Holgo‘
791 848 927 924 mucho
950 846 1073 923 Colon
1097 848 1141 922 de
1166 850 1220 922 iac
1242 848 1404 935 hojuelas
1429 848 1473 921 de
1497 874 1587 941 oro,
1615 875 1750 949 porque
1770 854 1833 927 de·

288 951 392 1026 seaba
417 977 484 1050 que
510 953 566 1026 los
587 951 692 1028 Reies
719 948 847 1025 vieffen
873 975 940 1047 que
975 955 1012 1024 lo
1037 951 1167 1042 havia,
1192 976 1216 1044 y
1252 973 1318 1050 que
1346 974 1395 1023 no
1419 972 1506 1024 eran
1531 976 1640 1025 vanas
1677 953 1731 1028 sus
1753 978 1831 1051 pro-

286 1056 425 1144 meffar.
453 1053 500 1127 I'd
522 1054 619 1151 quod
643 1054 755 1128 etiam
779 1054 801 1127 a
837 1051 938 1126 sociis
961 1052 1213 1150 exprobratum
1238 1049 1305 1127 esse
1329 1052 1512 1144 Colono,
1541 1055 1628 1127 dtun
1663 1053 1834 1132 successus

287 1156 424 1231 itineris
448 1153 624 1252 desperari
648 1157 788 1252 coepit,
825 1156 955 1230 cecinit
979 1153 1136 1230 Carrara
1172 1159 1271 1244 (a):
1295 1159 1383 1228 Cum
1410 1156 1650 1230 tamen'inter
1686 1183 1751 1230 nos
1780 1184 1828 1234 an

187 1336 206 1366 χ
287 1255 358 1331 smt
383 1258 562 1334 dubitetur
587 1263 623 1334 ὅ(
650 1257 730 1331 Indi
744 1312 756 1329 .,
792 1255 935 1331 :Sint
960 1254 1067 1349 esto,
1104 1255 1290 1354 qualesque
1316 1253 1377 1329 srbi
1405 1280 1465 1353 per
1490 1256 1630 1334 somnia
1664 1258 1754 1333 visos
1783 1278 1823 1332 ιτ

287 1356 489 1435 Luxtuiare
513 1381 605 1434 auro
626 1360 844 1457 gemmisque
868 1354 1032 1455 effulgere
1058 1359 1198 1433 Ductor
1230 1379 1267 1431 e:
1284 1357 1462 1448 Μίνω.

392 1461 433 1536 Si
457 1482 579 1537 tamen
606 1486 759 1558 quaeras,
785 1462 967 1558 quomodo
994 1461 1186 1551 Sanehez,
1223 1461 1280 1532 vei
1302 1463 1498 1557 quicunque
1522 1457 1629 1536 suerit
1667 1463 1834 1537 inventor

207 1625 215 1634 ,
288 1562 422 1662 primus
446 1566 493 1637 de
516 1564 704 1661 regionum
737 1565 918 1661 opulentia
955 1564 1085 1638 certior
1110 1561 1156 1635 fit
1181 1559 1312 1654 sadus,
1337 1582 1381 1636 ut
1403 1585 1485 1636 eam
1519 1585 1645 1637 notam
1682 1564 1830 1638 Colono

289 1663 427 1741 saccret
453 1665 679 1755 moriturus,
711 1663 923 1739 difficultate
956 1684 1080 1756 caret,
1104 1661 1187 1738 casu
1220 1666 1274 1737 vei
1301 1663 1560 1762 tempestatibus
1596 1667 1828 1740 accedentem

288 1764 409 1841 vidisse
441 1768 592 1841 laminas
618 1767 713 1841 collo
739 1768 985 1863 indigenarum
1011 1763 1198 1864 appensas,
1224 1766 1344 1862 quales
1369 1767 1408 1841 in
1434 1763 1568 1842 accessu
1594 1768 1711 1863 primo
1740 1767 1833 1841 vidit

288 1866 452 1944 Colonus
477 1869 571 1967 ipse,
593 1868 819 1944 Trevultiani
843 1866 912 1955 (b)
937 1864 1064 1943 sabulis
1091 1885 1328 1942 annumerant
1352 1869 1448 1966 quod
1473 1866 1520 1941 de
1543 1888 1653 1943 nauta
1694 1867 1832 1946 Coloni

290 1971 508 2066 praecursore·
530 1971 712 2067 proditum
737 1968 810 2044 est,
843 1967 972 2066 Estque
999 1969 1093 2068 apud
1117 1968 1260 2044 eosdem
1284 1975 1355 2058 (c)
1379 1971 1440 2067 qui
1476 1989 1576 2068 putet
1600 1970 1697 2045 banc
1730 1967 1832 2046 sabu-

290 2073 369 2146 lam
396 2092 534 2170 turpem
556 2068 622 2145 esse
649 2073 868 2146 calumniam
894 2072 938 2144 ab
962 2069 1128 2169 Hispanis
1153 2071 1398 2168 excogitatam
1425 2071 1471 2145 ad
1496 2071 1753 2150 obscurandam
1778 2073 1831 2145 in·

288 2173 446 2248 uenturis
472 2174 583 2247 exteri
607 2173 766 2255 hominis,
789 2170 947 2246 samam.
974 2173 1075 2247 Nihil
1098 2194 1220 2249 tamen
1247 2172 1435 2269 suggerunt
1460 2199 1533 2271 quo
1558 2176 1739 2250 calumnia
1776 2175 1835 2250 vei

287 2271 409 2351 sabula
435 2275 589 2372 reputari
615 2276 768 2367 debeat,
789 2273 856 2348 nist
881 2275 975 2373 quod
1000 2276 1086 2351 alibi
1110 2274 1265 2349 scribunt
1299 2276 1343 2348 de
1369 2273 1541 2350 sententia
1579 2278 1656 2353 lata
1693 2279 1730 2351 in
1757 2277 1831 2352 Re·

20 2374 46 2398 s
168 2428 171 2436 .
290 2376 354 2473 gio
382 2373 572 2452 Indiarum·
596 2377 764 2452 Senatu.
800 2376 853 2451 Ea
880 2374 964 2451 verb
989 2377 1033 2450 lis
1067 2401 1131 2473 pro
1154 2375 1302 2451 Colono
1326 2399 1452 2452 eontra
1492 2377 1727 2475 Vespucium‚
1752 2403 1832 2453 nou

291 2498 418 2553 contra·
443 2477 690 2576 precursorem
715 2479 1006 2569 navicularium,
1034 2477 1174 2577 dequo
1200 2502 1274 2550 non
1302 2478 1497 2575 agebatur,
1523 2482 1699 2580 dirempta
1735 2477 1834 2571 suit;

293 2603 361 2654 nee
386 2582 430 2654 de
456 2580 551 2655 Novi
578 2578 706 2673 Orbis,
731 2578 795 2655 sed
817 2581 866 2654 de
888 2581 1105 2654 continentis
1131 2582 1337 2654 inventione
1361 2579 1477 2655 senno
1501 2603 1600 2655 erat.

393 2679 438 2756 P,
460 2681 702 2773 Cbarleuoix,
726 2683 789 2779 qui
812 2679 943 2779 &ipse
967 2682 1015 2754 de·
1036 2682 1280 2756 Trevuitianir
1307 2683 1514 2778 aliquandiu
1540 2680 1631 2775 suit,
1668 2685 1720 2758 ait
1758 2685 1836 2770 (d)

254 2807 257 2815 ⁴
288 2783 429 2858 lineam
453 2785 733 2880 aequinodialenn
766 2808 949 2881 nimquam
974 2779 1040 2855 esse
1076 2779 1311 2858 transmissam
1349 2781 1559 2856 aColono:
1598 2807 1681 2857 eam
1709 2805 1833 2858 tamen

289 2883 531 2959 transmittere
557 2884 747 2983 oportebat.
770 2883 912 2982 vestigia
932 2885 1049 2959 aliena
1074 2881 1303 2980 sequentem,
1326 2901 1412 2956 nant
1433 2881 1620 2980 praecursor
1647 2887 1753 2981 vulgo
1779 2883 1835 2956 di-

291 2987 384 3065 citur
411 2985 458 3059 ad
483 2984 670 3062 Brasrliam
708 2985 899 3086 appulisse.
937 2987 990 3061 At
1014 3005 1245 3084 preterquam
1282 2984 1379 3080 quod
1403 2982 1554 3059 Brasriia
1587 2984 1700 3082 potest
1726 2981 1836 3058 facile

287 3085 463 3164 oonfundi
487 3113 573 3164 curn
582 3091 723 3188 regione
736 3090 959 3188 propinqua,
980 3087 1137 3162 maximi:
1162 3086 1249 3161 dum
1273 3085 1405 3159 limites
1432 3088 1593 3160 nondum
1619 3107 1721 3160 erant
1747 3110 1836 3159 con·

293 3187 442 3280 stituti,
463 3217 617 3290 pronum
642 3191 691 3267 est
716 3213 757 3268 ut
782 3192 901 3268 homo
920 3193 1075 3266 nautica:
1098 3213 1231 3288 gnarus
1252 3183 1288 3260 se
1310 3185 1393 3261 duci
1418 3183 1616 3263 faventibus
1656 3188 1750 3261 aurit
1773 3187 1840 3260 bo-

232 3382 234 3386 ·
289 3316 392 3367 ream
420 3294 540 3368 versus*
560 3294 776 3392 permiserit,
801 3316 842 3368 ut
876 3292 999 3389 postea.
1020 3316 1165 3387 proram
1190 3307 1408 3383 retorqueret
1435 3290 1480 3363 ad
1508 3288 1666 3363 austnun
1698 3291 1837 3376 lineam

292 3393 573 3482 transmisimus,
600 3399 641 3466 ni
664 3415 771 3467 antea
795 3394 891 3487 quod
917 3391 1093 3484 quaerebat
1119 3384 1342 3484 reperisser.'
1543 3477 1546 3485 Ι

393 3493 432 3566 Ρ.
458 3494 640 3566 Antonius
667 3491 787 3564 Maria
813 3492 862 3563 de·
880 3487 991 3583 Lugo
1014 3494 1083 3577 (e)
1108 3512 1158 3560 eo
1179 3486 1347 3563 maxime
1361 3487 1545 3578 conjecisse
1568 3489 1754 3566 Colonum
1784 3492 1841 3568 air

288 3611 466 3669 terrarum
490 3593 771 3667 occidentalium
805 3589 1060 3682 existentiam,
1097 3592 1181 3686 quia
1207 3591 1245 3663 in
1270 3588 1423 3685 Modera
1447 3588 1740 3691 frequentiffimos
1776 3617 1841 3666 ex-

288 3717 508 3794 peruaserat
533 3715 661 3768 ventos
686 3692 952 3768 occidentales..
984 3689 1094 3786 Quasi
1119 3716 1195 3766 non
1221 3687 1355 3789 possent
1382 3714 1571 3769 ventorum
1603 3694 1766 3785 fluenta,
1795 3694 1838 3768 s1-

289 3817 354 3872 cut
378 3819 574 3896 aquarum,
614 3799 654 3871 in
692 3793 770 3895 ipso
790 3796 884 3870 mati
922 3796 1131 3892 consurgere
1157 3795 1282 3893 procul
1318 3795 1501 3888 iterra,
1520 3798 1576 3871 vel
1599 3801 1685 3895 quin
1716 3797 1759 3872 srt
1786 3798 1839 3872 ibi

290 3917 408 3990 terra,
434 3899 527 3974 unde
552 3898 666 3974 flant..

341 4006 424 4090 (Η)
447 4010 486 4076 A
510 4001 652 4099 qualibet
688 4000 899 4094 insularum..
929 3997 1098 4096 Eligendi
1133 4002 1233 4098 copia
1260 4025 1336 4098 quae
1360 3996 1471 4075 hsce
1509 4001 1672 4075 donante
1703 3999 1767 4090 fit,
1795 3997 1840 4076 fit

289 4105 412 4200 utique
437 4104 630 4180 donatario
651 4157 665 4175 .,
701 4101 805 4179 Unde
841 4103 992 4177 liberum
1016 4099 1099 4176 esser
1134 4101 1226 4199 Regi
1251 4100 1481 4195 Catholico,
1511 4122 1689 4202 quantum
1715 4100 1765 4176 est
1792 4128 1839 4176 ex

290 4203 459 4303 praesente
481 4203 775 4295 Constitutione,
798 4205 931 4277 lineam
956 4201 1189 4276 dimenfionis.
1210 4205 1337 4279 ducere
1363 4226 1511 4279 centum
1536 4206 1641 4278 leucis
1667 4206 1687 4278 ὲ
1723 4208 1840 4303 quali-

276 4308 348 4407 bet
373 4306 536 4380 Azorum
560 4303 699 4378 insula:
723 4309 758 4380 ὅ(
784 4304 967 4403 postquam
993 4306 1161 4403 punitum
1172 4305 1405 4380 dimensionis.
1426 4306 1673 4381 inchoativum
1698 4333 1845 4383 excon-

290 4409 462 4484 uentione
495 4406 585 4483 sada
613 4408 649 4480 in
677 4406 792 4482 Turre
816 4407 961 4502 Syllana
989 4432 1084 4483 anno
1109 4405 1271 4507 sequente
1305 4431 1411 4505 1494.
1440 4431 1474 4502 7.
1502 4406 1607 4505 Jun,
1638 4410 1683 4484 ad
1709 4408 1844 4486 insulas

113 5180 255 5344 Ὗ

290 4508 432 4607 Capitis
458 4510 595 4585 Viridis
620 4511 905 4586 determinatum
927 4508 1001 4605 est,
1023 4511 1141 4610 potuit
1167 4513 1263 4592 linea
1288 4512 1369 4585 duci
1396 4510 1501 4609 pasti.
1523 4510 1695 4589 distantia.
1710 4513 1763 4687 qrb
1785 4514 1839 4585 in-

1166 4621 1176 4649 *
1726 4618 1787 4688 ula

334 4802 391 4870 (a)
412 4806 529 4859 Carrar.
549 4805 570 4860 l.
594 4815 623 4860 6.
641 4802 788 4872 columbi,
803 4805 854 4876 seu
874 4806 917 4861 De
936 4807 1048 4863 Invent.
1076 4818 1078 4880 f
1133 4803 1192 4874 (d)
1214 4806 1247 4860 In
1266 4804 1353 4875 Fastis
1373 4790 1409 4861 N.
1429 4805 1463 4862 Ο.
1483 4825 1557 4862 anno
1581 4828 1667 4869 1500..

292 4879 329 4934 N.
350 4877 415 4936 Orb.
1075 4899 1077 4902 ·
1132 4881 1191 4951 (e)
1209 4883 1243 4937 In
1262 4881 1369 4939 iAddt't.
1381 4881 1421 4939 ad
1438 4880 1558 4941 Dt'eiion.
1574 4885 1645 4955 11in
1658 4882 1845 4944 Portet-Ed·

333 4955 397 5022 (b)
413 4961 506 5014 Μεηι.
527 4957 568 5014 de
583 4955 616 5012 T
616 4977 676 5017 reo.
703 4968 790 5026 ¹736-
807 4959 851 5015 os.
871 4963 922 5025 38.
1094 4964 1184 5024 Neap.
1207 4979 1289 5025 ¹754·
1308 4959 1393 5018 Verbo
1412 4959 1571 5019 &lombm

333 5032 392 5101 (c)
416 5055 499 5100 ¹55²·
519 5039 562 5092 tsi.
586 5055 633 5099 ²9·
