3864 5686
158 382 162 389 .
281 333 355 418 ησ
703 280 1351 441 Onnruarronss„

66 566 69 571 .
202 450 368 539 licentia
395 462 465 538 five
491 459 666 539 absentia.
696 454 732 532 ε’
772 458 946 533 Volumus
970 459 1081 532 ctiam
1106 464 1142 536 bt
1167 461 1212 534 de
1236 460 1404 539 consensu
1428 461 1546 538 Seren.
1584 462 1763 554 Masclia-¹

225 567 289 657 tis,
317 571 352 642 ἃ
376 567 502 640 cadem
529 562 748 658 authoritate
775 560 966 657 apostolica
991 559 1192 653 statu'mus,
1212 565 1310 662 qubd
1333 568 1756 658 omniumhcimamm,
1789 614 1794 621 ·

224 685 301 741 tarn
327 665 565 767 praedialium,
590 688 698 763 quam
723 662 977 756 personalium,
1003 682 1079 736 tarn
1100 666 1341 758 cathedralis,
1366 669 1669 764 quanattmm
1690 689 1755 744 ac·

189 767 407 846 ‘elestarum
446 767 600 842 civitatis
636 772 672 845 dt
706 761 860 838 dioecesrs
894 761 1024 839 sruslus
1061 766 1098 838 in
1124 786 1196 844 tres
1226 773 1376 866 aquales
1400 792 1514 864 partes
1549 771 1758 863 dividantur

219 876 351 963 (tx),
411 895 538 945 uarum
563 893 673 943 unam
698 891 761 941 nos
786 864 1051 943 &successores
1076 868 1183 942 nostri
1208 870 1358 966 episcopi
1386 871 1598 945 habeamus.
1636 870 1757 945 Deea·

220 997 286 1046 nus
311 978 347 1051 &
373 972 567 1069 capitulum
594 972 703 1045 aliam
729 969 819 1041 inter
843 993 907 1043 eos
929 969 1180 1045 dividendam:
1205 974 1226 1044 a
1250 973 1373 1068 quibus
1387 973 1553 1068 ,partibus
1590 972 1673 1047 licet
1711 994 1758 1045 ex

219 1073 438 1149 concessione
466 1070 694 1172 apostolica,
729 1075 765 1150 d(
800 1071 947 1166 longavi
983 1073 1149 1167 temporis
1175 1071 1238 1147 usu
1262 1071 1451 1147 Catholica
1489 1072 1657 1161 Maiestas
1685 1093 1755 1146 ter·

118 1228 126 1239 .
218 1177 309 1261 tiam
335 1196 496 1275 partem,
522 1175 643 1247 tercias
670 1173 706 1246 in
732 1167 905 1266 Hispania
931 1173 1119 1269 vulgariter
1145 1197 1386 1271 nuncupatam
1412 1173 1539 1249 habete
1565 1182 1601 1255 dt
1624 1174 1754 1270 recipe-

80 1344 87 1351 .
217 1299 255 1350 re
281 1277 500 1354 consueverit
527 1330 540 1353 .
566 1327 615 1350 .«
652 1275 690 1349 in
724 1271 843 1347 nostra
869 1276 973 1347 tertia
999 1279 1035 1350 bt
1058 1272 1213 1348 ecclesiae¹
1233 1275 1356 1351 nostrae
1382 1281 1417 1352 ὅ(
1457 1276 1601 1372 capituli
1641 1273 1759 1349 tertiis

217 1379 374 1477 partibus
399 1380 525 1452 liberos
551 1399 616 1457 nos
642 1377 678 1449 iu
704 1396 911 1472 perpetuum
936 1372 1003 1448 elle
1039 1377 1171 1450 voluit.
1200 1378 1395 1474 Reliquam.
1415 1379 1500 1451 verb
1538 1378 1684 1451 tertiam
1706 1376 1755 1451 -in

215 1504 348 1555 novem
374 1481 502 1555 iterum
528 1497 644 1576 partes
668 1477 895 1551 dividendam
919 1478 1161 1570 decernimus,
1188 1503 1338 1575 quarum
1361 1498 1516 1574 quatuor
1542 1503 1606 1577 pro
1639 1477 1757 1563 resto,-

153 1586 156 1591 '
213 1579 309 1656 tibus
346 1585 390 1669 dt„
416 1575 635 1657 beneficiatis
670 1575 895 1653 ecclesiarum
929 1579 1186 1675 parochialium
1222 1581 1432 1676 assignamus
1463 1632 1474 1670 ,
1511 1578 1644 1654 scilicet
1680 1602 1752 1676 pro

213 1678 349 1758 duobus
376 1683 513 1781 clericis
556 1675 807 1771 secedat-ribus,
844 1704 997 1777 quorum
1031 1682 1143 1754 redor
1168 1680 1228 1756 seu
1252 1684 1389 1757 habens
1416 1679 1630 1763 beneficium
1664 1704 1751 1769 curn

214 1808 298 1860 tura
323 1783 454 1859 habeat
478 1785 523 1857 de
549 1782 619 1857 iliis
655 1800 807 1880 quatuor
846 1784 1000 1879 partibus
1036 1807 1147 1856 unam
1184 1785 1389 1882 integram„
1420 1788 1456 1859 ὃ(
1493 1782 1634 1881 reliquae
1658 1780 1754 1879 inter

212 1886 388 1969 restorem
410 1890 447 1963 bt
474 1885 584 1959 alium
617 1879 867 1958 beneficiatum
904 1882 1096 1959 habentem
1120 1883 1328 1961 beneficium
1365 1882 1511 1980 simplex
1545 1884 1754 1958 dividantur

118 2036 122 2043 -
199 1988 411 2086 aequaliter.
439 1984 583 2061 Habeat
617 1985 753 2083 insuper
777 1986 888 2061 rebor
915 1986 1086 2080 primitias
1112 1988 1275 2061 omnium
1307 1987 1528 2061 decimarum
1555 1984 1664 2061 totius
1689 2008 1755 2084 pa·

211 2089 362 2163 rochia:
389 2110 433 2160 ert
459 2087 581 2185 quibus
617 2087 781 2185 primitiis
805 2084 943 2160 sacrista
970 2086 1099 2161 habeat
1125 2090 1286 2169 oslavam
1311 2109 1471 2185 partem.
1495 2087 1674 2162 Similiter
1707 2106 1756 2160 ex

210 2190 364 2288 quinque
384 2187 543 2286 partibus
568 2186 773 2262 restantibus
796 2187 840 2261 de
866 2212 995 2262 novetn
1017 2187 1218 2284 suptacliclis
1244 2213 1310 2264 tres
1335 2213 1449 2288 partes
1476 2190 1490 2263 i
1540 2191 1631 2286 duas
1661 2185 1753 2262 divi·

211 2292 364 2380 dantur,
389 2313 537 2389 quarum
564 2311 673 2363 unam
699 2288 842 2361 cuilibet
867 2289 986 2386 oppidi
1012 2289 1163 2364 ecclesias
1186 2291 1326 2365 sabricae
1360 2214 1597 2388 appliclbius,
1637 2289 1755 2362 aliam

212 2392 393 2491 cujuslibet
412 2388 537 2489 'oppidi
574 2389 802 2489 hospitalibus
828 2417 844 2462 ε·
874 2392 919 2463 de
943 2415 1011 2488 qua
1038 2413 1136 2488 parte
1172 2391 1401 2489 hospitalibus
1437 2384 1613 2501 applicata
1649 2390 1752 2464 dida

209 2489 401 2591 hospitalia
429 2512 616 2567 teneantur
642 2489 777 2566 solvere
799 2491 978 2564 decimam
1004 2491 1170 2588 hospitali
1197 2494 1383 2590 principali·
1404 2491 1647 2586 civitatispin
1672 2514 1747 2595 qua

207 2591 356 2669 ecclesia
384 2593 597 2687 cathedralis
623 2619 686 2690 pro
724 2614 882 2689 tempore
908 2590 1034 2666 fuerit.
1062 2595 1232 2692 Reliquas
1264 2593 1353 2669 verb·
1372 2616 1496 2691 parrae·
1511 2594 1556 2669 de
1591 2593 1753 2691 quinque

207 2691 384 2770 restantes
403 2693 519 2768 eidem
543 2693 664 2769 Seten.
691 2692 871 2780 Maiestati
900 2695 935 2766 in
961 2691 1098 2791 signum
1123 2697 1375 2792 superioritatr's
1400 2695 1542 2785 &iuris
1576 2714 1752 2792 patronae

210 2813 289 2883 tus,
317 2798 353 2877 bt
377 2796 517 2868 ratibne
546 2792 785 2892 acquisitionis
811 2796 997 2890 provincia
1023 2796 1218 2871 Tucuman·
1239 2799 1477 2896 applicamus.
1504 2812 1541 2867 :a
1576 2796 1752 2892 Applica-

209 2919 289 2969 mus
313 2894 423 2970 etiam
448 2895 573 2969 eadem
601 2896 826 2970 authoritate
857 2891 996 2971 fabricas
1031 2898 1184 2972 ecclesrae
1203 2898 1265 2975 SS.
1292 2896 1448 2975 Petri&
1482 2895 1581 2971 Pani
1620 2894 1756 2971 Tucu„

175 3034 178 3041 ·
209 3021 308 3101 tuan.
334 3018 463 3072 omnes
483 3002 518 3074 dt
553 2993 708 3094 singulas
730 2997 885 3071 decimas
911 3000 1014 3072 unius
1039 3001 1245 3095 parochi-ani
1275 3005 1369 3089 ,(Χ)
1403 2996 1555 3085 eiusdem
1590 2993 1760 3089 ecelesiae

207 3102 244 3175 ὃ(
269 3095 494 3172 eeclesiarum
521 3101 635 3174 totius
656 3094 811 3172 dioeeesrs
835 3122 896 3195 per
922 3122 1151 3175 aeconomum
1179 3101 1453 3192 fat1·icae.,dum
1479 3119 1601 3175 tamen
1642 3123 1750 3196 paro·

208 3199 355 3274 ultianus
379 3197 522 3274 nonsit
549 3201 681 3293 ditior,
707 3198 766 3274 l'ed
789 3196 958 3274 secundus
985 3199 1060 3298 post
1083 3225 1188 3276 eum.
1219 3227 1257 3278 :a
1292 3201 1521 3298 Applicarnus
1555 3201 1670 3276 etiam
1706 3199 1748 3274 in

253 3323 417 3399 rpetuum
441 3304 562 3375 eidem·
592 3299 743 3376 sabricae·
769 3297 994 3374 ecclesianam
1021 3327 1144 3376 omnes
1178 3300 1578 3399 &.s1ngulasaecimas-
1602 3301 1713 3377 caleis
1735 3350 1757 3393 2

222 3423 380 3494 aterum,
406 3407 447 3482 &-
469 3405 692 3500 regularum,
732 3422 815 3474 tant:
843 3403 1031 3493 civitatis,
1066 3428 1175 3502 quam
1211 3404 1375 3479 omniunt
1411 3405 1575 3479 loeortun
1609 3398 1743 3487 nollrae

204 3503 387 3594 diaecesis,
412 3503 539 3579 eadem
578 3506 804 3581 authoritate
821 3554 839 3591 ,
872 3508 908 3580 ὃ(
942 3503 1072 3579 eadem
1104 3507 1199 3600 regia
1226 3502 1381 3597 judione·
1406 3503 1477 3579 sub·
1503 3501 1742 3581 anathemate

59 3592 63 3605 ¹
202 3600 446 3679 successoribus
482 3602 640 3697 nostris,
677 3627 718 3677 ac
734 3598 940 3681 ‘reverendis
975 3603 1137 3680 fratribus
1163 3606 1294 3682 nostris·
1311 3607 1455 3683 decano
1472 3609 1509 3685 bt
1544 3605 1747 3703 capitulo,

203 3728 254 3781 ac·
272 3705 479 3797 restoribus,
506 3708 644 3784 &aliis
667 3696 881 3783 beneficiatis
907 3708 1016 3781 totius
1041 3706 1207 3783 dioecess.
1234 3707 1429 3783 inhibentes
1461 3709 1585 3797 (ne)
1617 3704 1746 3805 quovis

203 3812 397 3903 praetextu,
422 3810 567 3899 oolam,
596 3806 848 3907 impetendis,
885 3811 1133 3905 extorquendis
1172 3814 1245 3898 <xr
1271 3816 1312 3899 ),
1337 3814 1373 3886 dt
1398 3807 1555 3883 levandis
1591 3807 1748 3903 decimis

6 3987 10 3999 ,
202 3900 368 3984 homines
393 3933 452 4008 per
477 3909 513 3986 se
541 3912 595 3983 vel
620 3934 686 4009 per·
708 3910 797 3983 alios
809 3908 1073 4001 intromittant,
1101 3931 1162 3986 aut
1183 3912 1422 3986 intromittere
1449 3930 1644 4008 procurent
1653 3929 1737 3983 ..a

304 4011 524 4086 Ordi'riatnus
548 4007 659 4086 etiam
686 4012 781 4110 quod
807 4012 966 4087 officiunt
992 4012 1159 4089 diurnum
1184 4018 1220 4090 bt
1245 4014 1490 4101 nosturnum-‚.
1507 4007 1741 4089 taminmise

200 4111 237 4186 sa
264 4138 381 4212 quarn·
399 4115 441 4187 in·
461 4111 582 4205 horis,
612 4111 675 4187 hat
701 4110 897 4208 semper&
918 4116 1058 4188 dicatur
1081 4112 1274 4191 secundum·
1298 4112 1588 4187 confitetudinem
1615 4110 1745 4205 Eecler

200 4210 257 4287 siu
277 4212 511 4312 Hispalenfis‚
537 4213 732 4311 &semper
758 4214 793 4285 in
814 4236 923 4289 cantu
946 4239 1047 4288 more
1058 4216 1220 4291 Ecclesia
1241 4215 1421 4293 dium.
1439 4210 1760 4297 volumusett'am

103 4350 109 4363 t
200 4320 235 4392 &
255 4315 299 4389 de
312 4311 1056 4408 ejusdemCatholicaeMaiestatisinslantia
1076 4320 1290 4416 &petitione
1310 4317 1516 4391 ordinamus
1527 4316 1651 4414 ‚quod
1661 4340 1755 4415 pute

199 4417 342 4492 tionarii
355 4417 509 4491 habeant
522 4439 646 4490 vocem
660 4416 870 4511 incapitulo.
887 4418 1215 4516 inspiritualibus&
1226 4420 1474 4515 temporalibus
1483 4466 1498 4508 ,-
1506 4439 1750 4518 praeterquam

197 4519 235 4591 ln
253 4518 479 4595 elesiionibus
500 4524 536 4593 dt
563 4519 651 4593 aliis.
666 4514 690 4591 ‘a'
713 4515 798 4610 lure
821 4519 1005 4616 prohibitis
1023 4523 1251 4619 portionariis
1276 4544 1328 4595 ae
1344 4516 1748 4615 canonicisspccialiter

196 4617 377 4697 reservatis
403 4615 558 4697 casabus.
587 4642 624 4699 :a
661 4619 837 4694 Volumus
861 4623 991 4712 etiam,
1017 4630 1054 4700 dt
1075 4624 1118 4698 de
1141 4621 1292 4712 ejusdem
1317 4620 1514 4698 Catholicae
1540 4619 1748 4709 Maiestatis.

197 4719 368 4801 instantia
390 4725 427 4803 dt
451 4722 623 4820 petitione
649 4723 877 4813 ordinamus,
900 4724 997 4823 quod
1021 4726 1058 4798 in
1082 4725 1241 4821 praedidia
1252 4721 1371 4801 nostra
1391 4720 1740 4801 Tucumanenere·

195 4820 320 4913 elessa,
348 4844 587 4922 praeterquam
614 4824 650 4899 in
661 4816 938 4919 festivisdiebtts}
971 4827 1144 4930 inquibus
1169 4852 1239 4900 rma
1266 4822 1518 4902 tantummissa
1531 4822 1738 4909 solemniter

194 4924 425 5003 celebrabitur
451 4924 546 5002 hora·
569 4926 753 4999 tertiarum
791 4929 935 5021 (trit),
963 4929 1043 5003 duae
1066 4929 1224 5027 quotidie
1250 4927 1356 5005 milsae
1383 4928 1624 5018 celebrentur,
1654 4938 1737 5025 quas,

196 5050 274 5100 rum
300 5052 369 5105 una
401 5033 492 5107 hora.
517 5028 631 5145 prima
656 5027 780 5129 primis
817 5030 937 5109 diebus
971 5030 1126 5110 Veneria
1143 5032 1334 5125 cuitulibet.
1349 5028 1476 5109 nense
1500 5031 1546 5105 de
1571 5029 1735 5172 aurniven
