3856 5678
527 248 1035 369 Aoos-rorico..
1095 240 1199 388 1550·
1256 308 1362 387 ¹700·
1457 326 1515 399 ·,
1573 266 1695 404 ω

281 423 447 527 Qum),
482 431 543 529 qui
579 427 736 505 sclavum
761 428 848 504 emit
884 427 1108 523 bonafide,
1143 428 1227 507 licet
1252 428 1398 508 dubium
1422 440 1595 555 emptioni
1629 442 1702 531 iam
1836 410 1850 445 ⁶

176 528 278 611 falle
301 532 542 631 superveniat,
568 553 644 607 non
668 528 767 607 illici)
777 548 933 607 ,tenetur
957 532 1212 609 manumittere
1237 552 1410 632 captum,
1428 559 1511 634 quta
1536 541 1704 619 indubio

176 637 304 714 melior
330 633 380 710 est
405 633 567 709 conditio
616 630 816 709 offidentis.
852 631 1014 726 Eadem,
1030 634 1163 734 'inquit
1187 632 1228 709 P.
1252 634 1413 711 Sanchez
1445 641 1542 733 (a),
1578 638 1706 717 estra-

178 741 256 830 tio,
281 734 309 812 fi
333 732 448 812 emisti
474 734 495 806 t
521 757 568 831 po
593 733 702 810 ellore
726 733 826 809 bonae
851 732 957 829 fidei,
980 735 1080 825 cujus
1107 736 1152 813 ad
1177 754 1214 812 te
1238 733 1447 814 transfertur
1472 740 1555 829 jus.
1592 731 1706 839 Quin·

177 840 242 932 tb,
268 839 326 936 qui
353 837 441 911 emit
466 834 572 935 dubia
596 832 695 927 fide,
715 854 854 911 tenetur
880 838 1053 933 inquirere
1079 839 1195 914 donec
1221 838 1370 917 dubium
1393 839 1584 939 deponat,
1620 836 1708 919 conss

175 940 309 1039 sterque
335 939 390 1012 uel
416 935 461 1009 dc
484 935 613 1024 justitia
638 937 932 1033 mancipationis,
961 941 1057 1038 quod
1083 936 1147 1015 hle
1175 939 1237 1026 est,
1255 940 1422 1037 difficile,
1459 945 1515 1020 vel
1530 940 1706 1033 ¹debona

172 1042 247 1125 fide
273 1034 463 1140 pollelsoris
512 1037 744 1130 raecedentis,
771 1036 868 1136 quod
903 1037 955 1114 est
979 1039 1106 1139 ubique
1132 1039 1237 1116 facile
1261 1068 1272 1133 ;
1307 1044 1398 1119 nam
1421 1042 1468 1125 ad
1492 1045 1709 1123 concluden-

175 1146 269 1263 dum
294 1141 338 1216 de
361 1139 455 1213 bona
480 1063 553 1215 bde
577 1139 743 1232 alicuius,
780 1140 937 1218 multum
971 1143 1077 1248 ualet¹
1095 1139 1319 1243 presumptio
1344 1149 1380 1223 dr
1406 1166 1617 1244 argumenta
1648 1172 1710 1227 ue·
1799 1150 1805 1159 ’

175 1266 321 1349 gariva-
757 1289 822 1308 ·⁴
924 1318 927 1324 .
1049 1258 1052 1264 '
1337 1310 1340 1315 .
1468 1262 1471 1268 “

194 1408 205 1417 ..
282 1338 414 1435 Sestb,
441 1364 525 1421 cunr
561 1336 606 1422 stt
641 1343 824 1421 moraliter
859 1339 1072 1445 impossibile
1102 1345 1139 1420 in
1175 1344 1341 1425 America
1375 1344 1461 1423 scire
1496 1349 1581 1448 quid
1611 1348 1712 1426 circa
1740 1352 1746 1375 ¹

178 1474 259 1531 rem
283 1438 501 1548 propolitam
527 1445 565 1520 in
590 1448 795 1543 particulari
821 1443 905 1525 casu
930 1444 1063 1521 sallum
1087 1442 1133 1521 fit
1159 1447 1197 1526 in
1233 1448 1400 1545 Angola,
1439 1447 1493 1535 sat
1528 1451 1712 1525 moraliter
1874 1445 1877 1452 ’

182 1553 235 1631 est
261 1551 307 1628 ad
331 1549 579 1645 deponendum
604 1548 749 1624 dubium
775 1602 793 1639 ,
823 1546 920 1645 quod
945 1565 1125 1623 mercator
1158 1544 1226 1624 five
1248 1548 1449 1625 catholicus
1466 1542 1547 1627 ⁵srve
1569 1551 1718 1641 acatho-
1814 1536 1827 1553 ’

179 1656 291 1745 licus,
316 1650 376 1749 qui
401 1647 545 1747 quidem
570 1650 614 1723 de
640 1651 731 1725 cirili
755 1648 826 1723 fide
849 1646 1018 1746 suspellus
1037 1646 1191 1740 nonfit,
1218 1647 1359 1725 testetur
1371 1650 1415 1724 de
1439 1648 1572 1740 justitia
1598 1655 1713 1752 acqui·
1738 1660 1747 1675 “

171 1754 341 1833 fitionis„
365 1752 480 1827 Ratio
506 1749 683 1848 est,quia
704 1747 916 1838 -jullitiasel
941 1747 1108 1838 injustitia
1133 1747 1215 1826 faui
1237 1750 1287 1825 rei
1313 1749 1499 1849 propofitae
1524 1750 1592 1829 stat
1613 1751 1713 1852 quafi

180 1859 222 1935 in
247 1852 438 1953 aequilibrio
463 1875 524 1948 per
548 1854 703 1947 rationes
738 1848 922 1926 dubitindi
959 1852 1175 1928 contrarias.
1192 1934 1195 1940 ,
1211 1849 1474 1933 Testimonium
1510 1853 1596 1930 verb
1619 1855 1716 1930 circa
1746 1875 1763 1897 ²

182 1957 406 2036 individuum
430 1950 562 2027 laetum
587 1952 691 2029 unius
714 1951 871 2027 bominis
894 1947 1089 2047 fide‘dignl
1117 1952 1162 2026 ad
1190 1951 1361 2042 justitiam
1391 1951 1473 2030 fatti
1511 1957 1717 2055 preponde-

177 2078 266 2151 rat,
291 2076 467 2156 quantum
494 2050 621 2129 sufficit
650 2053 695 2129 ad
717 2054 889 2145 judicium
915 2054 953 2126 in
977 2050 1059 2126 foro
1085 2051 1309 2133 conscientia
1332 2053 1572 2150 firmandum,
1608 2081 1715 2155 quan·

181 2165 233 2243 do
260 2162 330 2237 alia
352 2155 565 2254 indagandae
590 2153 869 2238 veritatirratio
892 2171 968 2239 mn
992 2150 1165 2253 suppetit.

289 2257 332 2337 P.
360 2257 561 2333 Avendafio
587 2255 657 2345 (l)
683 2258 782 2346 vult,
811 2250 1029 2343 'injustitiam
1050 2256 1155 2344 nujus
1179 2258 1376 2333 contradus
1402 2256 1473 2334 srve
1511 2260 1717 2336 commercii

179 2360 253 2445 effe
277 2360 463 2439 moraliter
482 2349 653 2445 certam,
676 2374 738 2429 aut
765 2352 859 2429 certe
886 2355 997 2429 talem
1021 2352 1088 2427 elle
1114 2355 1402 2450 probabilitatem
1426 2359 1471 2431 de
1509 2359 1714 2452 injustitia,
1852 2375 1858 2388 ·

182 2484 227 2545 ut
253 2461 401 2537 dubium
426 2450 500 2531 feria
523 2437 669 2530 uin'catT
700 2452 755 2529 Ex
789 2476 860 2551 quo
883 2452 1059 2551 principio
1084 2454 1240 2549 primum
1276 2457 1461 2553 impugnat
1498 2456 1538 2557 Ρ.
1565 2459 1715 2557 stepha.

180 2587 275 2640 num
302 2556 512 2657 Fagundea,
536 2553 722 2632 Thomam
745 2548 1234 2651 sanchezpsrntorrnam,
1260 2572 1432 2650 quatenus
1469 2556 1636 2657 oppofitae
1666 2558 1720 2634 fa.

180 2681 272 2744 vent
295 2659 482 2759 opinioni.
504 2655 653 2735 Deinde
673 2655 764 2748 ait,
791 2678 866 2731 non
899 2652 1016 2730 solum
1041 2651 1109 2728 elle
1134 2654 1334 2750 illicitum,
1364 2659 1625 2758 mancipiorum
1661 2661 1721 2737 c'o·
1856 2722 1858 2728 .

183 2766 286 2865 piam
311 2786 354 2839 ex
382 2756 505 2837 Africa
530 2775 784 2859 comportare,
805 2754 864 2848 sed
889 2759 1002 2833 etiam
1027 2780 1141 2832 unum
1168 2759 1222 2833 vel
1248 2758 1422 2855 alterum,
1458 2764 1616 2862 quamvis
1646 2766 1720 2860 plu-

182 2891 241 2945 res
266 2866 337 2956 iam
362 2862 463 2937 bono
487 2857 570 2937 fidei
596 2862 762 2937 dominos
786 2857 983 2952 habuill'et‘,
1010 2880 1127 2934 emere
1148 2874 1216 2936 'ant
1243 2860 1409 2938 vendere.
1447 2861 1529 2940 Post
1563 2889 1653 2967 quc.
1670 2866 1721 2955 ja·

180 2971 244 3046 &a
270 2964 503 3042 fundamenta
526 2959 671 3038 resolvit
696 2958 850 3039 conclus.
879 2982 938 3057 5.,
963 2960 1059 3057 qnod
1084 2962 1229 3056 emPtio.
1258 2961 1359 3037 dista
1379 2964 1418 3037 in
1443 2962 1554 3039 indiis
1572 2967 1723 3064 aliqua·

184 3091 292 3148 tenus
318 3062 495 3154 iustificari
522 3058 654 3161 potest.
679 3061 770 3137 Haec
795 3076 917 3137 autem·
941 3058 1135 3150 resolutio,
1161 3059 1227 3134 nist
1254 3061 1385 3136 author
1410 3061 1604 3141 diffiteatur
1627 3068 1721 3162 prin-

181 3171 287 3266 cipia
313 3165 469 3241 absentet
494 3162 648 3256 statutt,
673 3158 869 3237 firmaelle
895 3160 1039 3258 nequit,
1065 3183 1131 3233 nec
1157 3179 1237 3238 tuta
1262 3158 1328 3237 nist
1363 3161 1400 3244 d,
1482 3182 1520 3240 at
1550 3165 1723 3257 iudicium

180 3272 237 3347 de
262 3263 438 3356 injustitia
463 3264 700 3357 certitudine,
725 3282 767 3357 ut
793 3260 928 3360 patebit
947 3258 1193 3337 consideranti
1219 3260 1292 3351 ejus
1314 3186 1492 3337 nubili.
1530 3346 1534 3353 ,
1667 3343 1670 3349 ,
1725 3262 1731 3271 ’
1798 3341 1801 3346 ,

293 3369 418 3444 Prima
438 3365 516 3460 est,
542 3365 638 3465 qubd
675 3366 782 3463 aliqui
818 3364 977 3438 dodores
1003 3361 1179 3454 censent,
1211 3385 1289 3437 non
1323 3359 1391 3437 effe
1415 3360 1617 3443 damnabile
1653 3364 1745 3443 hoc,

186 3469 474 3552 commercium,
502 3469 553 3542 At
578 3468 617 3543 hi
639 3468 802 3543 doctores
828 3465 880 3540 illi
906 3462 987 3538 sunt
1018 3470 1106 3563 quos
1131 3462 1201 3561 ipse
1237 3461 1458 3539 confidenter
1485 3467 1743 3565 impugnato:

187 3599 275 3653 rat.
304 3571 489 3662 Secunda,
515 3568 611 3670 qubd
636 3570 690 3646 ita
715 3566 766 3644 est
791 3567 976 3642 communi
1003 3565 1102 3667 praxi
1120 3582 1332 3661 receptum,
1371 3563 1552 3665 Episcopis
1574 3569 1687 3655 etiarn
1710 3566 1726 3663 ,

189 3678 232 3757 bt
256 3677 337 3753 viris
363 3668 531 3770 religiosis
558 3669 631 3745 srne
655 3666 818 3769 scrupulo
844 3666 1133 3765 procedentibus·
1161 3664 1258 3747 Addi
1283 3664 1419 3763 potest,
1457 3669 1597 3765 praxim
1620 3666 1727 3765 else,

194 3804 271 3856 non
298 3772 442 3852 tanturn
467 3771 656 3870 Hispanis,
682 3769 741 3846 'sed
767 3768 897 3848 cuneis
923 3770 1034 3843 eriam
1061 3763 1257 3843 christianis
1282 3767 1509 3859 nationibus,
1548 3772 1608 3866 qui
1632 3773 1728 3846 colo·

190 3881 275 3956 nias
300 3878 455 3967 habent,
481 3897 733 3965 communem,
756 3870 779 3946 ’ὲ
803 3870 927 3968 quibus
962 3866 1061 3941 Galli
1089 3867 1126 3959 in
1152 3888 1224 3939 una
1259 3864 1379 4059 Sane&
1403 3866 1592 3942 Dominici
1630 3872 1728 3944 colo-

192 3983 283 4072 nia,
307 3999 349 4054 ut
375 3975 483 4052 refert
507 3972 724 4048 Charlevoix
745 3975 841 4060 (c),
866 3966 1000 4040 babent
1025 3963 1197 4040 Africana
1216 3965 1337 4038 manci
1375 3987 1566 4040 acentum
1591 3969 1727 4043 millla..
1778 3984 1780 3988 ’

192 4082 249 4160 At
277 4077 480 4155 Aveudafio
505 4070 575 4169 ipse
599 4091 728 4146 eontra
752 4065 937 4145 Molinam
962 4065 1037 4156 (d)
1057 4064 1222 4158 dixerat,
1258 4062 1430 4164 Principis
1464 4066 1728 4165 permistionem

194 4192 234 4264 dt
259 4178 481 4257 subditorum
506 4170 715 4251 consensum
739 4195 814 4248 non
839 4165 1015 4260 sufficere,
1040 4168 1153 4243 ctiam
1178 4165 1288 4244 verbis
1314 4171 1350 4246 dc
1374 4165 1474 4245 factis
1495 4169 1726 4269 probatum,

197 4303 242 4366 ut
269 4281 429 4359 venditio
454 4274 677 4368 iustificetur.
908 4304 937 4327 -·
1123 4336 1128 4344 .
1269 4330 1283 4350 .-
1497 4296 1506 4319 -·

303 4382 454 4472 Tertia,
479 4377 575 4480 qubd
600 4377 763 4476 Princeps
786 4399 862 4450 non
886 4388 1029 4449 tantum
1055 4372 1230 4472 permittit
1254 4389 1295 4447 ut
1321 4392 1520 4466 emantur,
1555 4371 1615 4452 sed
1640 4377 1729 4453 emit

198 4486 297 4584 ipse:
336 4485 432 4575 cujus
467 4483 670 4579 exemplum
702 4477 801 4577 sequi
839 4478 1015 4574 integrum
1049 4473 1098 4550 est
1123 4471 1296 4550 vasallis.
1333 4473 1420 4563 Dici
1444 4472 1582 4571 potest,
1610 4478 1731 4550 emil
1846 4495 1850 4504 ·

195 4590 387 4688 Principe,
414 4583 473 4665 seu
497 4586 572 4677 ejus
596 4582 765 4693 nomine,
792 4579 879 4678 quia
903 4574 1119 4679 emptoribus
1155 4592 1230 4650 non
1255 4573 1414 4650 innotuit
1449 4571 1668 4751 injustitia&
1688 4592 1731 4655 ut

728 4722 731 4728 .
912 4704 917 4713 ¹
1199 4699 1202 4704 ¹
1642 4697 1685 4768 ,¹-

192 4816 298 4943 -(‘a)
319 4864 418 4924 Santb·
436 4868 459 4924 l.
475 4888 498 4921 ι.
517 4860 612 4935 Consti·
628 4881 688 4920 c.s.
708 4846 745 4917 D.
758 4880 785 4927 a.
803 4875 834 4915 n.
845 4877 858 4912 t
864 4878 891 4923 5.
930 4853 990 4927 (b)
1011 4853 1132 4915 Avend.
1150 4852 1199 4913 it't·
1216 4868 1247 4920 θ.
1267 4845 1415 4922 Thalam·
1433 4800 1505 4920 σῖ..
1519 4870 1563 4907 n.
1578 4850 1730 4926 namuh

191 4946 270 5008 dar.
296 4949 360 5012 ¹⁸4·
401 4940 454 5010 (c)
475 4936 712 5010 cantilinae
732 4939 760 4994 S.
780 4937 861 4998 uana
881 4930 1118 5019 apudTrevult.
1138 4949 1320 5001 canaam.
1340 4943 1399 4988 art·
1421 4950 1451 4996 ς.
1579 4985 1582 4991 ,

236 5022 304 5099 ld)
326 5020 445 5085 uvea.
464 5021 516 5080 loc.
534 5020 585 5082 rit.
603 5037 683 5109 num.
704 5033 769 5084 aaa.
1061 5043 1064 5049 ι
1344 5015 1430 5157 Lu
1452 5110 1455 5115 Ι
