3856 5678
253 338 329 419 39⁴
688 308 1272 387 Ouotuarrours

199 458 459 535 concessronent
484 478 559 528 non
586 470 663 527 tam
692 448 918 526 indefinitam
944 445 1012 523 effe
1035 478 1046 540 3
1076 450 1134 525 sed
1161 450 1305 551 tantum
1328 447 1426 528 favet
1461 452 1575 541 chrisis
1589 451 1731 545 fidelibus

199 580 358 636 recenter
385 558 430 631 ad
454 554 564 631 fidem
587 550 764 629 conuersis
789 552 976 629 indiarum
1013 554 1325 647 occidentalium,
1351 556 1412 653 qui
1448 553 1728 637 confessariorum

199 658 404 843 predicioplp
425 657 643 839 epcharistite
669 654 895 733 sacramento
920 655 1131 757 accipiendo
1167 678 1251 757 tunc
1279 659 1446 758 temporis
1471 656 1644 734 abstinere
1676 662 1726 738 de·

244 786 280 837 re
306 789 347 837 ot
371 792 386 834 e
406 790 448 839 un
466 789 530 839 ur.

640 966 1318 1089 annotationes.

251 1170 372 1251 cause
394 1172 499 1263 hujus
523 1168 776 1263 eoncesfronis,
802 1170 916 1271 inquit
937 1170 1151 1247 Soloraanus
1175 1173 1273 1263 (a),
1300 1166 1393 1246 sorte
1419 1192 1460 1247 ea
1486 1166 1557 1245 suit
1574 1167 1718 1269 quodir

200 1278 324 1355 multis
348 1278 539 1375 provinciis
563 1273 775 1351 eucharistia
799 1278 961 1349 nondum
986 1271 1234 1349 conferebatur
1270 1272 1388 1366 indis,
1416 1298 1462 1349 eo
1488 1274 1587 1372 quod
1621 1270 1717 1375 paflu'·

159 1388 163 1395 '
201 1404 281 1457 rum
306 1378 440 1473 judicio
464 1376 571 1454 essent
598 1377 801 1475 incapaces,
828 1398 952 1453 contra
979 1400 1066 1475 quos
1091 1378 1357 1451 declamantem
1381 1373 1555 1451 Aeoliam
1579 1378 1614 1451 ἃ
1638 1376 1718 1455 altor

201 1482 349 1571 laudat.
375 1480 468 1555 Vide
492 1478 583 1554 Ord.
611 1500 673 1571 7¹·
709 1478 747 1553 st
775 1499 896 1555 autem
921 1478 1026 1553 eausa
1060 1476 1261 1567 hujusmodi
1286 1478 1360 1565 jure
1388 1479 1520 1553 merito
1556 1476 1716 1575 improba·

68 1656 72 1663 .
202 1606 282 1675 tut,
311 1582 443 1658 temere
478 1583 632 1657 creditur
657 1582 738 1657 Rert
773 1578 811 1655 fu
837 1583 972 1681 plicans
994 1634 1005 1673 ,
1031 1586 1067 1658 δι
1100 1577 1265 1655 Pontifex
1290 1580 1538 1679 supplicationi
1577 1600 1715 1653 annuens

200 1684 244 1761 es
268 1702 389 1761 motus
414 1682 512 1759 effe.
546 1680 594 1759 Et
619 1684 763 1780 quidem
812 1710 825 1755 r
851 1704 997 1779 capaces
1020 1685 1094 1771 jam
1128 1681 1370 1780 supponuntur
1396 1682 1476 1755 indi
1502 1684 1540 1755 in
1578 1681 1714 1779 prasenti

202 1786 422 1863 concesstone
448 1785 662 1862 sacramenti
688 1786 923 1883 ponitentiae,
949 1790 985 1862 ὃ(
1006 1783 1258 1881 consequenter
1283 1808 1430 1879 capaces
1456 1786 1711 1859 asinandaeeon·

201 1891 380 1981 tricionis,
405 1886 802 1987 quae'fupetuaturalis,
827 1886 1049 1979 universalis,
1077 1887 1262 1979 absoluta,
1289 1893 1325 1961 ἃ
1350 1886 1476 1960 efficax
1503 1882 1547 1961 stt
1571 1941 1583 1979 ,
1607 1906 1646 1963 ut
1665 1886 1710 1961 de·

164 1992 280 2081 ,bet3
307 1992 353 2067 ad
380 1990 641 2067 sacramentum
666 1990 883 2065 eucharistia
908 1988 1163 2104 suscipienpum
1189 1990 1372 2085 incapaces
1409 1990 1481 2063 dici
1507 1994 1545 2065 &
1577 1988 1643 2061 effe
1662 2008 1712 2063 ns·

199 2112 355 2189 queunt.
380 2092 480 2169 Nam
503 2096 588 2169 licet
613 2091 874 2167 sacramentum
899 2092 970 2167 hoc
997 2090 1228 2190 proculdubio
1252 2093 1386 2189 reliqua
1414 2088 1550 2187 superet
1571 2088 1709 2188 dignita·

199 2216 259 2285 te,
285 2192 495 2269 difficultate
520 2194 726 2290 suscipiendi
763 2218 847 2267 cum
881 2192 995 2268 furtin
1020 2218 1094 2268 non
1121 2195 1243 2285 item,
1271 2217 1355 2265 cum
1382 2192 1575 2290 aliquando
1605 2210 1708 2267 mente

98 2388 101 2393 Ι
198 2297 308 2371 motis
333 2297 411 2372 dati
436 2296 541 2393 possrt
563 2350 574 2386 ‚
600 2304 636 2373 ἃ
662 2294 854 2371 infantibus
889 2296 1082 2392 aliquando
1106 2296 1234 2369 datum
1261 2292 1334 2369 srt:
1361 2318 1427 2369 nec
1452 2292 1502 2368 est
1528 2295 1566 2369 in
1601 2292 1706 2369 asima

197 2400 455 2499 praeparatoriis
480 2400 526 2473 ad
552 2401 846 2474 communionem
882 2398 1008 2497 aliquis
1044 2400 1261 2472 contritione
1286 2398 1341 2469 vel
1377 2396 1562 2471 diffieilior
1590 2399 1642 2475 vel
1659 2416 1702 2473 ex·

198 2504 383 2577 cellentior
407 2522 448 2577 ut
474 2502 700 2577 contritionis
725 2526 837 2597 capax
862 2524 938 2575 non
964 2497 1068 2597 posfrt
1094 2500 1158 2573 illo
1185 2498 1346 2597 disponi.

299 2605 396 2679 Vera
420 2624 505 2701 ergo
530 2602 761 2677 concessionis
784 2598 887 2677 caufa
913 2600 987 2693 est,
1015 2600 1331 2699 non'incapacitas
1351 2598 1549 2697 indorum,
1575 2600 1699 2701 {edua

198 2725 337 2781 attenta
363 2707 508 2781 illorum
534 2704 714 2781 indole&
740 2704 884 2801 iugenio
909 2701 1078 2803 plerisque
1114 2701 1291 2777 vilesceret
1317 2705 1531 2779 communio
1567 2703 1700 2805 frequen·

198 2826 298 2899 tata,
324 2812 361 2885 &
384 2807 526 2903 expedit
551 2824 592 2880 ut
618 2806 661 2879 lit
687 2806 822 2898 ratior,
849 2828 916 2880 nec
940 2808 1221 2903 multiplicentur
1244 2808 1535 2882 communicandi
1557 2808 1645 2881 vices
1662 2824 1701 2879 ct·
1731 2802 1736 2817 '

196 2910 271 2983 iam
296 2932 379 2985 cum
404 2908 689 3005 multiplicantur
714 2908 932 2997 jubilaeorum
956 2911 1098 3006 gratiae.
1126 2908 1219 2985 Eam
1244 2908 1310 2983 esse
1338 2934 1461 2985 veram
1483 2906 1624 2985 eausam
1641 2906 1701 2983 fut·

195 3010 299 3087 detur
322 3008 584 3087 constitutionis
608 3014 776 3101 exordio,
802 3012 899 3097 cujus
926 3012 1173 3087 authenticum
1198 3012 1379 3111 exemplar
1407 3014 1453 3089 ad
1477 3038 1622 3088 manum
1641 3008 1699 3085 cll:

193 3114 290 3221 Quod
316 3114 352 3187 in
377 3110 487 3186 indiis
512 3112 786 3187 occidentalibus
813 3111 963 3209 pastores
1000 3116 1212 3191 animantur·
1233 3114 1396 3212 expedire
1421 3116 1626 3192 censuerunt
1644 3114 1701 3205 ,&

200 3218 263 3289 usu
291 3235 471 3313 receptum
497 3212 545 3288 est
571 3235 611 3289 ut
637 3214 718 3287 Indi
744 3234 901 3290 recenter
926 3216 1086 3291 conversi
1113 3216 1329 3291 eucharistiae
1353 3216 1613 3311 sacramentum
1635 3214 1697 3291 ratll
1739 3288 1742 3293 .

191 3314 393 3413 [rescipiens.
421 3314 465 3390 In
490 3318 614 3415 quibus
638 3340 714 3389 non
740 3312 958 3414 significatur
986 3318 1221 3418 incapacitas,
1247 3342 1324 3419 quae
1351 3324 1387 3397 ὃ(
1412 3323 1529 3396 unica·
1553 3326 1589 3398 ὃ(
1621 3320 1699 3394 itera·

194 3442 241 3495 tae
266 3419 459 3515 receptioni
485 3440 682 3517 repugnat,
709 3414 767 3493 fed
791 3420 948 3497 raritatis
971 3422 1219 3499 convenientia
1245 3418 1427 3519 pastorum
1453 3426 1605 3515 judicio.

527 3618 628 3700 ott
652 3622 737 3700 DI
763 3624 799 3700 N
826 3626 859 3700 A
885 3626 921 3701 T
947 3622 966 3699 1
992 3625 1031 3700 0
1103 3624 1396 3705 OCLXXXVII.

720 3726 829 3803 Anno
859 3734 967 3826 1634.
999 3728 1057 3803 18.
1083 3728 1198 3807 Mart.

196 3906 532 4105 s⁸Congregatio
558 3934 596 4007 iu
622 3958 694 4009 una
720 3931 905 4008 indiarum
932 3930 1094 4029 resolvit,
1120 3940 1216 4036 quod
1242 3938 1331 4015 la'r'ci
1357 3940 1417 4037 qui
1443 3938 1490 4017 de
1529 3962 1641 4013 mauu
1664 3958 1707 4009 re·

253 4030 286 4091 Ᾰ
314 4036 491 4129 gularium
518 4056 676 4135 tempore
703 4036 855 4133 paschali
882 4037 1131 4115 eucharistiam
1157 4044 1362 4143 recipiunt,
1389 4066 1464 4117 non
1500 4038 1711 4118 satisfaciunt

193 4158 367 4231 precepto
390 4134 573 4212 Ecclesrae.
599 4136 648 4211 Et
673 4136 769 4233 quod
796 4139 832 4211 in
858 4140 916 4213 dic
941 4136 1124 4218 Paschatis
1150 4146 1243 4242 apud
1268 4146 1443 4244 regulares
1478 4142 1711 4221 communica·

193 4260 232 4309 re
257 4260 332 4311 non
356 4236 496 4339 possunt
517 4292 529 4326 ,
554 4240 713 4337 quamvis
749 4263 920 4339 praecepto
946 4247 1033 4318 alias
1069 4244 1332 4325 satisfecerim.
1360 4244 1419 4323 Ita
1445 4246 1556 4323 habet
1589 4244 1714 4323 Mena-

194 4339 273 4412 eelli
300 4340 393 4427 (b).
420 4338 561 4413 Similes
585 4340 841 4417 declarationes
866 4342 970 4420 refert
996 4344 1171 4423 Chilenfrs
1192 4350 1386 4451 Episcopus
1413 4354 1484 4441 (c)
1512 4352 1590 4425 loco
1614 4346 1709 4423 inde-

191 4438 330 4515 finitas:
357 4442 907 4541 CongregatioConciliicensuit,
933 4474 1007 4525 nou
1032 4449 1232 4529 satisfacere
1253 4474 1428 4553 praecepto
1450 4448 1714 4539 ecclefiaeeum,

189 4544 248 4641 qui
275 4544 521 4621 fanflillrmum
547 4545 773 4624 Eucharistiae
798 4548 1056 4627 sacramentum
1082 4551 1222 4655 suscipit
1249 4580 1334 4633 ante
1354 4559 1407 4631 vel
1434 4554 1511 4657 post
1535 4556 1633 4631 diem
1652 4550 1714 4629 Pa·

189 4646 340 4742 sentus,
364 4672 441 4725 non
465 4650 510 4725 de
535 4674 645 4727 manu
670 4652 851 4751 parochi,
888 4651 946 4729 sed
971 4656 1185 4753 regularium
1208 4658 1420 4739 habentium
1448 4660 1469 4733 ὲ
1493 4657 1587 4735 Sede
1623 4654 1715 4755 aps

1603 4758 1673 4839 sto

187 4878 1717 4919 mm—*Qfflffl

227 5014 279 5085 (a)
300 5018 542 5115 Salem-unf-
560 5028 604 5083 De
623 5026 687 5085 sord·
706 5030 776 5095 Just·
795 5028 821 5085 l·-
841 5049 866 5085 r.
886 5052 910 5091 c.
933 5052 979 5095 ιγ.
997 5048 1028 5087 n.
1048 5050 1096 5097 9¹·
1148 5039 1209 5113 (b)
1228 5038 1403 5109 Menatem,
1422 5038 1459 5099 P.
1481 5054 1509 5093 a.
1529 5030 1658 5099 For-aa
1675 5026 1733 5091 ls‘lo'

122 5124 125 5129 ·
194 5112 286 5161 ¹³·rt·
308 5118 354 5163 4²·
394 5102 451 5171 (c)
471 5102 592 5161 Vrilarr.
612 5109 646 5167 P.
671 5126 695 5163 a.
715 5126 742 5181 q.
765 5120 792 5165 6.
812 5126 870 5172 arr.
896 5132 938 5179 ¹5·
958 5127 988 5165 n.
1012 5130 1039 5175 ς.
