3856 5678
537 324 1048 414 Asosrorien.
1104 347 1213 430 1700.
1269 335 1378 431 1766.
1593 354 1664 435 59¹

190 477 310 572 locus,
334 472 396 556 sed
434 477 536 553 illum
561 473 734 551 diversum
768 473 928 552 obtineat
953 475 1051 566 juxta
1078 469 1252 549 diversam
1289 474 1582 550 consuetudinem
1610 479 1720 552 eccle·

189 583 344 672 siarum3
371 581 504 656 idcirco
529 572 752 654 scribendum
775 577 975 678 Episcopo,
1000 599 1041 654 ur
1068 576 1112 651 de
1136 575 1206 652 siiae
1230 575 1441 676 respondeat
1468 576 1620 654 ecelesiae
1646 606 1724 676 pra·

186 686 245 760 iri.
274 705 310 758 =
347 674 511 781 Quartae
534 675 712 757 Officium
735 670 901 776 [Parvum
936 679 979 758 Β.
1006 675 1135 756 Mariae
1160 676 1316 776 Virginis
1342 677 1382 755 in
1406 675 1526 756 diebus
1561 677 1725 780 simplici·
1863 703 1890 717 “

190 787 313 862 bus&
338 781 540 876 ferialibus,
566 801 642 861 non
668 776 837 883 abrogata
863 801 989 859 tamen
1011 779 1302 874 consuetudine,
1339 799 1416 882 quae
1440 777 1479 859 in
1502 783 1728 867 contrarium

188 882 330 963 sortasse
353 882 510 984 vigeret,
537 899 619 963 tuto
642 885 757 984 potest
778 880 927 978 omitti,
964 881 1062 963 &in
1085 883 1183 961 bona
1205 881 1459 963 conscientia.
1489 905 1526 958 a
1559 879 1725 984 Quinta:

190 992 249 1065 An
274 984 391 1064 elerici
416 987 597 1063 saculares
621 988 736 1065 ehoro
762 1006 837 1064 non
861 981 1019 1063 adstridi
1045 984 1174 1086 poffint
1198 982 1350 1065 recitare
1373 984 1421 1065 de
1453 984 1595 1064 Sandis
1620 984 1728 1062 Ordi-

190 1094 247 1168 nis
269 1086 533 1183 Carmelituni,
560 1082 586 1164 si
612 1088 681 1166 sint
706 1088 860 1181 ejusdem
896 1086 1044 1166 Ordinis
1077 1084 1258 1164 teriisrii?
1283 1085 1505 1188 Responsum
1530 1087 1601 1175 fuit
1637 1087 1730 1164 affir-

191 1190 347 1269 mative.
375 1211 414 1265 z
449 1191 576 1266 Serta:
605 1196 664 1268 An
691 1193 809 1269 clerici
835 1189 1013 1268 seculares
1039 1187 1179 1290 professi
1205 1192 1242 1265 in
1267 1189 1404 1269 Ordine
1426 1190 1560 1268 Christi
1598 1190 1731 1292 polline

192 1291 345 1371 recitare
368 1293 415 1368 de
437 1293 606 1387 Sandis,
643 1296 688 1370 de
722 1295 848 1393 quibus
874 1291 1028 1372 recitant
1063 1284 1216 1381 eiusdem
1239 1289 1390 1370 Ordinis
1428 1293 1653 1371 claustrales?
1683 1291 1731 1368 Et

193 1394 396 1576 rilssio'nstsim
422 1392 489 1473 suit
524 1393 811 1489 (affirmative)
837 1421 921 1473 cum
953 1392 1137 1489 clausura,
1174 1395 1391 1473 Dummodo
1416 1416 1492 1477 non
1516 1390 1587 1476 fini
1615 1395 1731 1474 choro

193 1524 216 1574 a
273 1524 301 1575 ri
357 1545 369 1571 .

547 1693 1051 1781 ounruirio
1121 1668 1404 1782 nrxxxvru.

744 1804 858 1883 Anno
886 1810 995 1904 1746.
1024 1825 1085 1902 24.
1111 1798 1213 1882 Febr.

201 1999 432 2206 JUrisdislio
455 2001 711 2109 Episcopomm
737 2005 775 2084 in
799 1980 961 2087 eselesias
985 2005 1201 2109 regularium
1224 2030 1291 2108 pro
1316 2002 1505 2086 ludiamni
1538 1956 1740 2108 regionibus

269 2111 490 2188 declaranir.
516 2109 750 2211 Qiamquam
777 2131 873 2187 anno
904 2132 1014 2210 1744.
1038 2113 1200 2188 ediderat
1216 2109 1422 2189 Beuedisius
1448 2105 1747 2189 constitutionem

199 2208 395 2291 rimandis
420 2228 516 2310 atque
542 2216 714 2307 affireiidis
738 2234 802 2312 pro
826 2211 1034 2291 stabilienda
1061 2210 1317 2312 Episcoporum
1342 2213 1576 2306 jurisdidione
1601 2211 1639 2289 in
1654 2232 1743 2288 om-

202 2336 267 2391 nes
291 2317 467 2412 regulares
492 2313 709 2391 secularium
735 2316 861 2389 euraln
883 2332 1109 2407 exercenreS,
1146 2314 1212 2390 lias
1236 2318 1374 2392 litteras
1400 2316 1546 2405 adjicere
1580 2316 1742 2413 compulo

200 2417 259 2494 sus
282 2416 357 2508 cll,
384 2415 570 2512 inquibus
596 2420 713 2492 relato
734 2415 892 2491 Consilii
918 2415 1121 2492 Tridentini
1149 2440 1218 2514 cap.
1251 2435 1309 2491 11.
1333 2415 1404 2511 sels
1418 2441 1477 2515 25.
1505 2423 1556 2492 De
1581 2421 1741 2515 Regulam

204 2510 320 2595 &Pii
347 2516 392 2590 V.
416 2514 572 2592 Constit.
599 2517 731 2616 Expom'
754 2514 859 2595 Nolis
876 2516 968 2593 data
998 2537 1058 2615 24.
1086 2512 1200 2592 Maii.
1231 2525 1363 2615 1567„
1387 2544 1465 2623 cap.
1499 2527 1553 2596 16.
1580 2520 1744 2613 (Astu.)

202 2618 341 2712 Synodi
368 2611 603 2695 Provincialis
628 2641 726 2696 <anno
759 2618 868 2717 1582.
894 2621 1078 2696 celebrate
1101 2617 1267 2710 (Limus)
1300 2618 1438 2697 staturis
1463 2618 1596 2714 Synodi
1630 2621 1746 2696 Mevi-

204 2742 307 2797 eanre
331 2722 406 2795 Tit.
433 2728 485 2796 De
509 2724 605 2810 Vise.
630 2746 741 2821 propr.
779 2723 988 2816 Provincia,
1022 2730 1054 2815 §.
1082 2741 1143 2820 3.,
1169 2727 1206 2800 ili
1231 2724 1306 2799 rii.
1332 2728 1385 2799 De
1410 2720 1570 2822 Regular.
1606 2719 1646 2803 ss
1670 2728 1747 2797 Mo·

204 2825 290 2898 aial.
319 2828 349 2915 §.
381 2845 440 2916 19.
466 2823 597 2900 Relara
623 2824 734 2902 etiam
760 2818 885 2900 Const.
946 2841 1087 2901 uantum
1109 2822 1327 2920 animarum,
1354 2827 1390 2903 e<
1417 2824 1488 2902 alia
1525 2827 1656 2926 Expori
1679 2827 1748 2901 No·

203 2924 257 2999 bii
283 2928 367 3002 anni
394 2928 534 3023 '1591.‚
560 2926 684 3028 quibus
710 2925 904 3026 Gregorius
967 2928 1030 3002 lV.
1057 2922 1283 3003 consumavit
1308 2926 1419 3004 Breve
1444 2926 1619 3023 Pianum3
1644 2926 1749 3004 Con·

207 3026 280 3102 stit.
309 3027 544 3124 Religiosorum
568 3023 765 3106 Clementis
792 3021 899 3103 Vlll.
924 3025 1047 3105 Consi.
1077 3026 1290 3122 inscrutabili
1313 3025 1479 3127 Gregorii
1506 3026 1586 3106 XV.
1618 3027 1747 3105 Consi.

208 3135 299 3204 Cum
315 3131 405 3214 ficut
431 3129 636 3206 innocentii
664 3130 707 3206 X.
732 3130 822 3206 data
848 3133 884 3205 in
911 3129 1015 3206 causa
1041 3129 1356 3228 angelopolirana:
1379 3130 1512 3208 Relata‘
1548 3131 1661 3206 etiam
1684 3148 1753 3228 ope

210 3233 235 3305 al
259 3232 416 3329 Regibus
440 3230 636 3308 Catholico
656 3237 696 3308 de
732 3230 950 3307 Fidelillimo
976 3227 1128 3330 praeslita
1164 3232 1202 3304 in
1227 3229 1434 3332 Tridentini
1465 3230 1713 3309 executionem
1739 3280 1752 3324 ,

210 3333 334 3409 llaruit
359 3330 570 3410 Benedittus
594 3334 756 3433 pradisia
778 3334 924 3410 decreta
951 3338 987 3410 ὅ(
1010 3329 1285 3417 constitutiones
1309 3326 1348 3409 in
1373 3334 1599 3410 decretorum
1626 3330 1753 3410 confir·

213 3434 416 3512 mationem
451 3437 599 3530 editas,
625 3458 666 3512 ut
702 3458 830 3532 nempe
855 3436 1030 3535 regulares
1066 3431 1277 3536 quicumque
1304 3437 1351 3511 ad
1374 3456 1501 3512 euram
1535 3435 1755 3512 saecularium

211 3537 418 3614 obeundam
456 3537 527 3614 sine
569 3536 699 3636 praevio
737 3536 1016 3614 Ordinnrioruin
1042 3538 1205 3612 locorum
1240 3536 1405 3614 examine
1432 3543 1468 3615 dt
1502 3539 1756 3638 approbatione

215 3642 406 3733 accedere,
433 3664 496 3718 aut
522 3640 559 3717 in
585 3666 628 3717 ea
654 3638 689 3717 se
715 3638 872 3739 ingerere
898 3657 1077 3738 nequeant
1098 3695 1111 3732 ,
1147 3645 1183 3717 d(
1208 3637 1247 3715 in
1273 3642 1438 3717 omnibus
1463 3638 1510 3716 ad
1538 3639 1669 3719 distant
1697 3662 1758 3717 eu·

216 3765 294 3818 rani
332 3745 587 3841 pertinentibus
622 3767 747 3820 eorum
785 3740 1047 3834 jurisdictioni,
1083 3737 1302 3835 visitationi,
1340 3748 1376 3820 ὃ(
1399 3739 1607 3820 corrediens
1644 3743 1757 3834 subja·

215 3865 344 3935 ceant,
372 3867 448 3921 tani
474 3849 513 3922 in
538 3846 695 3939 Goaria,
721 3868 831 3943 quarn
860 3847 896 3918 in
921 3845 1063 3941 reliquis
1091 3836 1276 3919 indiarum
1301 3841 1533 3919 orientalium
1568 3844 1760 3943 provinciis

215 3942 393 4022 observari
420 3948 567 4038 debere,
593 3973 668 4021 non
694 3945 911 4022 obstantibus
935 3942 1241 4043 quibuscumque.
1278 3939 1390 4021 Errat
1415 3965 1506 4022 toni.
1539 3964 1597 4044 17.
1624 3945 1760 4023 Bullar.

217 4048 394 4126 Liuiemb.
418 4046 541 4124 Consi.
568 4046 599 4122 l.
627 4043 759 4144 incipit
784 4048 978 4159 Quamvis.
1005 4045 1088 4121 vid.
1114 4044 1205 4123 Ord.
1232 4052 1322 4146 596.

510 4249 553 4326 0
591 4242 1106 4330 RDINnTIO
1207 4242 1461 4333 DLXXXIX.

758 4352 873 4432 Anno
903 4360 1011 4454 1746.
1054 4373 1112 4441 16.
1138 4346 1221 4451 Jun.
1526 4380 1529 4385 ·

323 4560 496 4638 Romana
520 4552 709 4659 Inquisitio
730 4551 930 4656 proscripsit
953 4553 1224 4636 Memoriamm‘
1253 4550 1294 4632 P.
1316 4550 1490 4637 Norberti
1523 4552 1767 4638 continuatio·

287 4665 317 4723 Ᾰ
348 4688 431 4739 nem
458 4667 478 4738 a
502 4660 557 4740 D.
582 4663 697 4739 Favre
720 4661 905 4739 sacerdote
928 4656 1088 4742 Helveto
1112 4660 1353 4763 publicium„
1387 4654 1536 4747 Mentio
1561 4658 1604 4738 fit
1636 4657 1771 4757 ltTri-¹

220 4768 434 4911 vultianiss
476 4768 514 4859 ).
1158 4800 1162 4807 ·
1539 4894 1542 4899 Ι
1626 4864 1718 4948 ΘΚ·
1765 4770 1769 4783 “
1850 4776 1853 4781 ·

262 5110 324 5183 (ι)
345 5113 434 5172 Μαι.
453 5112 490 5173 de
507 5109 607 5175 vrev-
630 5126 717 5181 irrr-
733 5126 794 5213 ari.
817 5126 865 5183 μ.
