3856 5678
179 128 255 212 232
613 106 1187 187 Oantuarrouas

131 254 224 335 Der,
262 270 299 324 a:
326 250 387 327 Ad
413 264 616 347 perpetuam
644 251 692 323 rei
717 249 952 325 memoriam.
992 266 1028 321 t:
1055 246 1167 345 Super
1186 245 1323 347 specula
1343 245 1534 323 militantis
1557 248 1675 323 eccle·
1805 328 1840 342 „
1890 310 1921 346 μ,

131 356 188 433 l'tae
213 356 346 429 meritis
370 350 453 426 liciat
479 350 668 449 imparibus
693 352 812 425 divina
838 348 1065 447 dispositione
1091 351 1202 424 locati
1230 352 1274 427 ad
1286 350 1459 426 universas
1483 348 1580 424 orbis
1590 374 1674 447 pro·

129 457 260 536 vincias
284 460 321 532 dt
344 456 449 543 loca,
475 449 663 551 presertim
690 452 959 552 Omnipotentis
985 452 1058 527 Dei
1094 454 1334 529 misericordia
1372 477 1432 550 per
1466 450 1674 526 catholicoe

128 581 228 655 reget
251 562 287 635 ἀ
312 555 483 655 principes
508 554 551 630 ab
578 553 793 648 infidelibus,
821 582 863 630 ac
889 555 1041 628 barbaris
1069 552 1260 651 acquisita,
1298 556 1412 629 aciem
1438 554 1567 629 nollrae
1591 578 1670 627 me·

129 658 313 739 dicationis
338 656 461 757 pallam
487 654 717 749 telleclimus,
744 664 778 733 dc
803 679 840 730 ur
870 659 904 730 in
931 660 1016 729 locis
1043 653 1122 751 ipsis
1146 656 1361 753 dignioribus
1388 656 1500 730 titulis
1512 660 1668 729 decora·
1780 665 1838 754 ,θ’

129 764 176 839 tis
201 764 379 859 plantetur
401 756 591 833 christiana
617 762 762 855 religio,
788 766 823 836 dc
848 780 887 833 ut
913 784 1037 833 eorum
1063 758 1187 832 incolae
1212 759 1463 837 venerabilium
1478 754 1670 855 praesulun't
1777 780 1835 829 -·:t

132 862 351 941 authoritate
375 866 412 939 dt
435 861 591 937 doorrna
619 860 749 935 suliulri
777 859 960 959 proficiant
988 863 1023 933 in
1049 857 1139 952 fide,
1165 865 1201 936 dc
1225 862 1320 959 quod
1348 863 1384 934 in
1409 859 1671 955 temporalibus
1772 880 1822 927 ,τ-
1926 871 1928 879 ⁴

132 964 223 1041 sunt'
240 962 378 1061 adepti,
403 986 478 1038 non
503 984 646 1035 careant
674 965 708 1037 in
734 962 967 1060 spiritualibus
994 965 1236 1052 incremento,
1262 986 1367 1059 opem
1393 968 1429 1039 dt
1448 984 1603 1057 operam
1627 959 1671 1033 fi.
1771 968 1859 1040 ¹:··.·
1916 1019 1924 1027 ,

131 1066 255 1143 beuter
279 1064 517 1163 impendimus
539 1061 722 1139 efficaces.
748 1065 864 1155 Sane,
892 1089 973 1138 cum
999 1067 1090 1137 inter
1116 1087 1258 1138 caeteras
1283 1064 1480 1162 provincias
1517 1066 1592 1151 (t)
1631 1061 1670 1135 iu
1767 1070 1821 1117 -’·“

134 1166 255 1243 insulis
281 1164 464 1241 ladiarum
489 1166 598 1239 maris
622 1168 746 1240 oceani
775 1166 932 1263 auspiciis
958 1168 1041 1239 clar.
1068 1190 1176 1239 mem.
1203 1163 1326 1240 Caroli
1341 1163 1384 1237 V.
1412 1165 1669 1240 Romanorum
1771 1158 1848 1259 [²⁵²
1900 1155 1911 1178 '

86 1326 89 1331 ·
133 1266 363 1367 Imperatoris
390 1288 473 1341 tunc
500 1267 537 1340 in
562 1267 726 1341 humanis
752 1269 885 1365 agentis
905 1292 974 1343 una
1003 1264 1096 1357 (stt)
1123 1268 1312 1342 lucuman
1342 1286 1548 1364 nuncupata
1583 1268 1668 1355 (u)
1773 1264 1861 1315 aaa
1878 1282 1897 1311 ,

133 1370 171 1445 in
196 1369 376 1469 provincia
402 1368 454 1443 del
476 1364 583 1460 Perti,
611 1370 704 1457 curius
730 1370 852 1444 incola
877 1371 1000 1443 divinae
1024 1371 1108 1465 legis
1143 1388 1300 1466 expertes
1336 1367 1512 1459 exiliunt,
1552 1370 1589 1444 dt
1627 1369 1665 1441 in
1779 1364 1811 1411 Τ-
1924 1423 1928 1468 ,Ν

132 1498 203 1573 qua
228 1468 312 1545 licdt
339 1470 453 1569 plures
478 1468 655 1543 christiani
684 1470 868 1564 habitent,
896 1475 993 1544 nulla
1006 1493 1127 1545 tamen
1139 1469 1281 1544 ecclesia
1306 1470 1519 1545 cathedralis
1546 1468 1664 1543 etesia
1788 1494 1823 1531 vx
1921 1547 1928 1564 ,

132 1570 263 1663 essllit,
288 1576 325 1649 dt
348 1568 778 1647 GratillimttsinChristo
803 1571 895 1647 filius
919 1570 1219 1670 nosteerilippus
1244 1572 1322 1645 Rex
1345 1570 1558 1645 Catholicus
1584 1566 1666 1643 His·

130 1674 318 1777 paniarum
342 1674 403 1771 pio
427 1668 550 1747 assedit
575 1672 741 1748 desideret
768 1677 804 1748 in
830 1676 922 1748 diua
949 1675 1126 1772 provincia
1153 1674 1224 1761 ejus
1251 1674 1434 1769 temporali
1457 1672 1664 1746 ditionira·

133 1776 234 1853 tione
257 1772 420 1850 Caslellae
443 1778 541 1863 (ιιι)
566 1776 772 1873 &legionis
799 1801 985 1873 regnorum
1011 1774 1155 1864 sublesta
1184 1776 1274 1849 illius
1285 1772 1517 1871 gloriosrffmi
1546 1770 1665 1849 nomi-

131 1878 190 1955 nis
213 1880 374 1967 cultum,
398 1876 495 1965 cujus
519 1874 568 1951 est
592 1877 684 1951 orbis
711 1899 883 1954 terrarum
908 1884 944 1953 dc
970 1879 1152 1975 plenitudo
1176 1880 1270 1969 ejus,
1296 1872 1500 1949 acuniverst
1520 1874 1583 1972 qui
1605 1874 1668 1950 ha·

132 1978 251 2057 bilant
276 1978 314 2053 in
337 2000 405 2069 eo,
432 1978 617 2077 ampliari,
643 1986 679 2056 dt
705 1982 837 2057 incolas
863 1982 1040 2079 praedidos
1064 1982 1110 2053 ad
1135 1980 1248 2053 lucetn
1285 1977 1440 2051 veritatis
1476 1977 1663 2073 perduci,

136 2084 407 2177 animammque
430 2076 534 2154 saluti
562 2078 718 2175 consuli,
747 2108 787 2157 ae
815 2106 995 2181 propterea
1022 2082 1193 2181 oppidum
1218 2088 1388 2155 Tutanum
1414 2096 1667 2175 nuncupatum

135 2187 235 2273 (lv)
263 2181 300 2254 in
324 2180 448 2255 eadem
473 2186 653 2279 provincia
681 2186 717 2257 in
742 2186 947 2277 civitatem,
985 2191 1020 2273 dt
1057 2187 1092 2257 in
1130 2210 1171 2258 ea
1208 2183 1448 2257 cathedralem
1472 2178 1665 2255 ecclefiam

133 2284 282 2381 erigi&
308 2278 460 2372 institui3
486 2283 563 2357 Nos
587 2284 709 2360 habita
736 2284 833 2383 super
860 2288 1019 2359 hiscum
1046 2286 1225 2361 Fratribus
1250 2284 1372 2358 nostris
1408 2283 1670 2357 deliberatione

133 2402 300 2475 matuta,
324 2384 369 2457 de
394 2384 535 2458 illorum
562 2384 733 2478 cousrli0,
760 2390 923 2484 praedidbo
948 2384 1110 2487 Philippo
1137 2388 1235 2485 Rege
1261 2386 1360 2483 super
1384 2385 1456 2459 hoc
1476 2385 1668 2460 humiliter

134 2484 380 2585 supplicante,
407 2487 450 2559 ad
476 2485 748 2584 Omnipotenris
774 2489 846 2563 Dei
875 2491 1016 2564 laudem
1053 2494 1088 2566 dt
1125 2491 1309 2587 gloriam,
1344 2493 1380 2563 dc
1414 2483 1670 2583 gloriosrlsrmae

133 2584 209 2665 Dci
232 2586 410 2685 genitricis
435 2586 583 2678 Maria,
611 2589 781 2687 totiusque
808 2595 912 2666 curiae
937 2591 1078 2666 caelellis
1102 2592 1298 2682 honorem,
1325 2594 1361 2665 dc
1387 2586 1487 2686 ipsius
1512 2586 1670 2663 fideica·

134 2686 277 2765 dolica
300 2689 579 2779 exaltationem,
604 2690 772 2786 oppidum
798 2695 1000 2789 pradidum
1026 2697 1062 2769 in
1091 2696 1296 2781 civitatem,
1332 2713 1407 2789 quac
1443 2690 1572 2763 ciuitas
1596 2694 1669 2763 Tu·

132 2812 252 2863 cuman
276 2810 520 2887 nuncupetur,
545 2794 581 2865 dt
608 2793 644 2863 in
669 2817 711 2865 ea
747 2784 989 2869 cathedralem
1024 2793 1207 2870 ecclesiam
1245 2792 1306 2867 snb
1344 2793 1571 2867 invocatione
1604 2790 1666 2867 SS.

131 2890 227 2968 Petri
252 2894 288 2969 ὃ(
311 2888 413 2967 Pauli
441 2916 505 2987 pro
529 2916 603 2965 uuo
627 2893 792 2993 episcopo
805 2896 996 2971 Tucuman
1028 2897 1287 2995 nuncupando,
1315 2896 1372 2992 qui
1399 2895 1530 2968 didam
1555 2896 1667 2969 eccle·

131 2990 222 3069 stam
247 2991 400 3069 conllrui
427 2991 560 3085 saciat,
590 3020 630 3067 ae
659 2996 693 3068 in
720 2998 779 3071 illa
808 2998 966 3097 illiulipue
991 3000 1160 3089 civitate,
1187 3003 1221 3073 dt
1247 2992 1381 3069 diaecest
1417 2996 1564 3070 verbum
1591 2994 1667 3073 Dei

131 3094 313 3195 praedicati
340 3116 524 3190 procuret,
552 3120 594 3169 ac
623 3097 713 3169 illius
740 3099 872 3173 incolas
899 3098 1053 3173 infideles
1082 3100 1125 3171 ad
1162 3098 1373 3195 orthodoxa
1403 3094 1485 3171 fidei
1524 3099 1665 3171 cultum

131 3216 340 3288 convertat,
367 3200 401 3271 dt
428 3196 610 3271 conversos
638 3198 675 3268 in
702 3201 824 3272 eadem
850 3198 919 3274 fule
947 3198 1116 3291 instruat,
1143 3205 1178 3275 dt
1204 3198 1414 3288 confirmet,
1452 3196 1569 3298 eisque
1603 3198 1665 3273 ba·

131 3296 251 3395 ptismi
277 3299 431 3395 gratiam
458 3298 712 3393 impendat,ac
740 3320 812 3373 tam
843 3304 908 3374 illis
934 3300 980 3372 fic
1006 3298 1177 3375 conversis
1203 3302 1312 3397 'quam
1342 3299 1418 3372 aliis
1444 3296 1665 3375 omnibussr-

129 3398 264 3474 delibus
288 3400 326 3473 in
352 3399 493 3473 ciuitate
519 3402 553 3472 dt
579 3398 716 3472 dioecesr
741 3400 910 3493 ejusmodi
937 3404 1161 3499 degentibus,
1189 3429 1228 3477 ac
1256 3403 1375 3475 adeas
1401 3398 1662 3475 declinantibus

130 3498 352 3577 sacramenta
379 3497 606 3574 ecclesiastica
632 3507 667 3577 dc
695 3503 764 3575 alia
791 3500 984 3599 spiritualia
1010 3503 1205 3594 ministret,
1246 3528 1287 3577 ac
1322 3502 1513 3577 ministrari
1550 3503 1661 3576 etiam

129 3598 242 3678 saciat
270 3608 307 3679 dt
333 3623 517 3697 procuret:
545 3627 609 3676 nec
636 3628 709 3677 non
735 3603 771 3675 in
796 3602 964 3696 ecclelia,
992 3606 1157 3695 civitate,
1185 3603 1371 3681 &diaecesi
1394 3604 1564 3703 praedidis
1576 3604 1663 3679 alias

129 3700 367 3803 episcopalem
393 3700 741 3794 jurisdictionem&
767 3703 998 3800 potestatem,
1025 3712 1061 3783 dt
1087 3708 1342 3781 authoritatem
1368 3704 1473 3780 libers
1500 3724 1663 3781 exercere
1784 3716 1825 3791 t·
1872 3716 1908 3747 '-

100 3822 105 3833 '
130 3806 270 3881 valeat.
300 3805 353 3877 hc
378 3803 590 3899 dignitates,
618 3806 868 3896 canonicatus,
896 3808 1116 3905 praebendas,
1143 3808 1282 3905 aliaque
1307 3806 1476 3882 beneficia
1501 3804 1662 3881 ecclesia·
1849 3868 1865 3877 .

129 3904 214 3979 slica
241 3928 323 3977 cum
349 3908 384 3980 b(
409 3903 480 3978 stne
505 3932 589 3979 cura
614 3906 724 4001 erigat
752 3912 786 3982 dt
813 3908 992 4000 inllituat,
1027 3916 1061 3985 R
1088 3913 1159 3985 alia
1197 3904 1387 4006 spiritualia
1425 3906 1596 3987 conserat
1627 3912 1661 3985 dt
1760 3941 1803 3989 ·.
1855 3900 1867 3921 ’

128 4004 278 4081 seminet
303 4028 405 4101 prout
431 4008 541 4083 divini
568 4008 681 4080 cultus
708 4031 931 4105 augmento,
968 4008 1181 4107 &ipsorum
1218 4012 1414 4085 incolarum
1453 4014 1657 4086 animarum
1777 4008 1861 4093 .”.“;’““’

130 4102 233 4179 saluti
258 4108 417 4205 expedire
443 4108 671 4203 cognoverit,
697 4112 732 4184 dt
756 4110 815 4207 qui
842 4110 1116 4207 Archiepiscopo
1143 4112 1302 4186 viciniori
1321 4109 1492 4203 Civitatis
1516 4114 1659 4211 Regum
1749 4104 1815 4203 i'j
1848 4112 1889 4209 “ff

129 4230 194 4305 pro
220 4225 376 4305 tempore
401 4207 559 4281 exilienti
586 4210 658 4295 jure
684 4213 946 4309 metropolitico
980 4213 1115 4305 subsit,
1153 4238 1194 4287 ac
1230 4238 1273 4288 ex
1310 4215 1473 4287 omnibus
1514 4214 1561 4287 ibi
1598 4236 1660 4313 pro
1788 4208 1797 4215 “

132 4326 290 4405 tempore
316 4308 620 4407 provenientibus,
648 4332 878 4413 praeterquatn
904 4340 947 4389 ex
974 4339 1083 4407 auro,
1112 4337 1288 4413 argento,
1314 4322 1349 4395 dc
1376 4318 1453 4390 aliis
1479 4316 1659 4405 metallis,

90 4480 95 4491 ,
126 4411 300 4505 gemmis,
324 4414 360 4484 dc
385 4409 555 4505 lapidibus
581 4411 758 4509 pretiosis,
784 4441 860 4512 quae
885 4442 948 4515 pro
976 4438 1134 4513 tempore
1168 4416 1392 4492 existentibus
1426 4415 1591 4492 castella
1625 4418 1659 4491 dt
1781 4377 1868 4499 sn,-

125 4510 273 4607 legionis
296 4508 451 4604 Regibus
475 4516 591 4609 quoad
617 4513 688 4588 hoc
715 4515 824 4589 libera
850 4516 917 4594 esse
953 4519 1202 4610 decernimus,
1243 4520 1399 4593 decimas
1429 4519 1660 4616 &primitias
1783 4560 1809 4569 --
1859 4512 1864 4523 '

124 4608 269 4729 dejure
293 4608 449 4703 debitas,
476 4636 668 4711 ceteraque
694 4616 901 4715 episcopalia
930 4619 1029 4710 jura,
1058 4642 1160 4717 prout
1189 4623 1248 4694 alii
1277 4623 1312 4694 in
1323 4618 1505 4717 Hispaniis
1524 4617 1657 4718 episco·
1781 4572 1856 4702 ,ἶ--ζ

125 4734 162 4808 pr
186 4712 230 4785 dc
255 4730 328 4797 ture
354 4716 408 4785 vel
435 4714 684 4790 consuetudine
710 4720 929 4819 percipiunt,
955 4723 1153 4817 exigere&
1178 4723 1353 4819 percipere
1383 4720 1491 4796 ubere
1518 4728 1555 4799 dt
1582 4719 1656 4793 lici·

125 4808 163 4886 td
187 4808 326 4902 valeat,
351 4836 432 4889 cum
459 4814 537 4891 sede
562 4822 597 4897 dc
621 4816 740 4895 tuensa
767 4846 808 4897 ac
835 4824 912 4899 aliis
937 4820 1146 4925 irtstgnibus,
1173 4847 1215 4901 ac
1240 4823 1531 4915 jurisdistiouibus
1564 4816 1654 5003 lappis-

1473 4949 1562 5023 copa
1589 4967 1604 4983 ·
