3856 5678
238 326 313 404 472
651 274 1232 381 ortornarronrs

187 475 237 525 un
262 470 372 545 negro
397 469 435 522 es
458 441 547 532 julio
573 438 597 514 ὸ
623 466 705 536 no,
743 465 874 542 porque
897 440 934 519 se
959 440 1118 540 presumo
1153 442 1238 531 justa
1266 444 1303 519 la
1329 461 1434 518 venta
1467 443 1644 518 micnttas
1671 460 1719 517 no

187 549 308 629 consta
332 549 375 622 de
400 548 438 620 la
464 542 654 637 injusticia.
748 613 756 619 .
1388 612 1392 618 ,

294 670 327 747 3.
353 644 450 742 Qtia
476 669 596 720 revera
622 669 697 720 non
733 643 808 721 sme
839 647 1007 722 examine
1031 645 1074 722 fit
1099 648 1215 748 prima
1250 672 1312 747 per
1343 645 1553 723 christianos
1587 646 1722 742 emptio

189 749 470 848 mancipiorum.
497 746 558 824 De
583 744 798 840 Lusitanis,
835 750 895 846 qui
920 747 985 824 soli
1021 746 1094 824 sete
1120 749 1192 825 hoc
1217 750 1424 824 commercii
1450 771 1560 847 genus
1600 747 1720 823 naer-

188 855 276 930 bant
302 851 415 943 oiim,
441 873 485 925 ex
510 871 754 925 mercatorum
777 850 951 925 relatione
980 849 1124 925 tellatnr
1149 850 1188 926 P.
1215 848 1395 943 Molina,
1428 847 1721 944 interrogationes

184 943 361 1055 ‘quasdam
385 958 422 1029 dt
446 950 714 1050 protestationes
739 948 816 1024 fieri
840 975 964 1025 coram
989 953 1132 1027 notario
1156 955 1199 1026 de
1224 953 1299 1040 iure
1333 976 1408 1052 quo
1442 947 1718 1028 extrahebantur

191 1054 402 1152 AEthiopes,
429 1049 495 1131 etfi
518 1050 655 1128 diffidat
680 1051 728 1126 de
751 1052 938 1148 diligentia
961 1056 998 1131 dt
1022 1054 1256 1129 exasiitudine
1282 1054 1318 1127 in
1344 1051 1628 1148 interrogando.

294 1155 418 1233 Simile
442 1154 526 1253 quid
552 1152 616 1230 usu
642 1154 759 1229 venire
784 1154 823 1226 in
849 1154 999 1230 coloniis
1024 1151 1174 1231 asiaticis
1201 1177 1278 1231 tam
1303 1151 1584 1253 Hispanorum,
1617 1176 1718 1254 quan

194 1259 418 1357 Anglorum,
444 1255 582 1332 consiat
607 1279 650 1331 ex
676 1254 719 1332 iis
743 1272 819 1430 pute
844 1251 951 1330 refert
975 1253 1015 1330 P.
1042 1253 1194 1331 Murillo
1220 1261 1319 1345 (alr
1347 1261 1434 1330 Cum
1458 1254 1646 1359 quondan,
1672 1255 1717 1330 in-

217 1363 294 1451 uit,
319 1360 433 1455 Jndex
457 1357 662 1433 libertatum
686 1361 724 1434 dt
763 1360 955 1433 ervirutum
979 1353 1045 1432 hic
1071 1355 1272 1448 (Manliae)
1307 1355 1521 1434 constitutur
1554 1356 1718 1446 iudicaret

193 1386 239 1537 ie
264 1458 510 1550 justificatione
534 1458 636 1548 hujus
660 1456 852 1551 servituris,
879 1457 1059 1535 consultus
1084 1455 1155 1552 fui,
1182 1465 1220 1538 ἀ
1244 1486 1327 1537 cum
1353 1459 1512 1536 vidissem
1548 1475 1717 1535 metuta-

195 1587 249 1639 ncs
276 1565 408 1638 titulos·
423 1558 569 1653 afferre,
593 1559 716 1736 ‹puibus
741 1557 931 1659 Episcopus
955 1558 1223 1658 Meliapurenfit
1248 1563 1286 1637 in
1311 1562 1445 1650 iudicio
1481 1559 1717 1638 contradislo·

194 1664 251 1742 tio
276 1688 359 1739 cum
406 1680 589 1739 romotore
625 1659 708 1737 sculi
732 1659 862 1738 harum
886 1659 1071 1740 causarum
1096 1661 1243 1755 habito,
1268 1665 1428 1739 declarat
1451 1661 1718 1741 tatemAErhin

196 1791 279 1865 pem
306 1782 369 1839 aut
439 1763 617 1840 alabarem
641 1759 709 1840 esse
734 1760 874 1840 seruum
898 1788 942 1840 ex
968 1764 1075 1842 titulo
1099 1762 1214 1856 justo,
1239 1764 1398 1854 iudicato
1423 1785 1466 1842 ut
1491 1764 1562 1840 tali
1590 1765 1631 1840 iu
1655 1761 1718 1840 An·

111 1869 115 1877 ’
196 1871 339 1971 giorum
364 1864 552 1943 Tribunali
577 1861 833 1958 Madrastensr,
858 1863 979 1942 statim
1003 1865 1164 1960 respondi
1191 1869 1278 1942 tales
1311 1867 1422 1941 etiam
1447 1862 1515 1941 iric
1541 1883 1584 1942 ut
1616 1863 1720 1942 serrat

196 1966 388 2047 censendos
411 1964 500 2043 esse.
527 1966 575 2042 Et
601 1969 654 2042 ita
678 1967 768 2042 olim
794 1963 1021 2066 responderat
1046 1965 1097 2041 D.
1110 1966 1290 2042 Antonius
1315 1965 1361 2040 M
1385 1991 1449 2063 rga
1468 1966 1630 2045 Senator
1650 1964 1720 2064 Mt·

196 2068 357 2162 nilensrs,
382 2074 419 2148 du
442 2066 560 2167 postca
583 2065 708 2144 Prnses
731 2062 935 2165 Quirenfis,
960 2069 1101 2166 dequo
1127 2069 1205 2144 vide
1228 2067 1335 2146 Soior
1401 2094 1465 2144 um
1487 2066 1581 2161 (l).

302 2169 425 2246 Etiam
451 2173 472 2245 a
497 2170 650 2246 barbaris
674 2169 961 2262 mercatoribus,
996 2168 1039 2244 iis
1066 2168 1255 2266 praesertim
1279 2162 1402 2268 quibus
1437 2169 1656 2269 dindimus,
1685 2173 1721 2248 dt

198 2271 321 2372 quibus
336 2274 459 2363 Ianitor
483 2293 616 2347 nomen
640 2267 722 2363 esi,
758 2270 912 2369 aliquem
945 2293 1055 2346 manu
1079 2271 1334 2368 capiendorum
1370 2269 1494 2348 haberi
1516 2271 1723 2364 demmin,

198 2369 307 2455 refert
331 2370 497 2448 laudatur
521 2369 640 2449 Abbas
664 2368 806 2447 Prevost
832 2375 926 2464 (c).
961 2370 1023 2449 De
1048 2371 1173 2468 Angiir
1208 2373 1368 2470 proditur
1391 2373 1493 2451 idem
1517 2372 1613 2473 apid
1647 2364 1721 2452 eua-

198 2472 283 2551 ‹lem
309 2473 404 2564 (d):
431 2471 500 2552 Les
525 2473 676 2575 Anglois
711 2471 877 2550 achetcnt
913 2470 999 2550 aum
1024 2469 1205 2573 beaucoup
1228 2472 1426 2553 d’esciaver
1448 2474 1513 2552 det
1550 2471 1636 2574 pa'ir
1656 2469 1721 2550 nti·

199 2600 259 2652 mc
284 2577 344 2675 qui
369 2573 521 2651 bordent
546 2575 582 2649 it
607 2573 730 2648 riviere
757 2573 832 2663 (de
856 2574 892 2649 ia
917 2573 1102 2667 Gambra)
1124 2629 1133 2648 .
1159 2575 1228 2663 Ces
1252 2574 1333 2653 sont
1367 2576 1653 2657 ordinairement
1680 2566 1754 2655 anx.

200 2678 264 2757 des
290 2674 473 2774 prisoniers
497 2675 543 2753 de
567 2697 714 2777 guerre,
740 2697 790 2754 ou
814 2671 876 2752 des
908 2676 1088 2754 crimineis
1112 2673 1330 2756 condamnet
1350 2732 1362 2770 ,
1394 2702 1449 2755 ou
1471 2678 1534 2757 der
1564 2677 1725 2755 babitans

52 2786 56 2794 '
201 2800 248 2855 en
272 2772 368 2855 leves
394 2800 458 2876 par
482 2778 518 2849 ia
542 2772 687 2873 perfidie
711 2775 756 2849 de
780 2774 856 2855 leur
881 2773 1028 2852 voifins.
1054 2774 1154 2853 Maio
1177 2779 1329 2877 quoique
1353 2779 1593 2861 icedetniers
1615 2778 1728 2856 soient

202 2900 250 2956 en
276 2872 363 2952 aiiez
387 2878 519 2972 grande
543 2876 712 2968 nombre,
737 2877 788 2955 les
813 2878 932 2975 Agens
955 2880 1002 2954 de
1025 2876 1216 2978 laCornpa
1240 2882 1299 2954 nie
1323 2898 1392 2958 ont
1414 2879 1514 2959 ordre
1536 2879 1581 2955 de
1608 2902 1656 2954 ne
1676 2880 1725 2954 iet

200 3001 266 3081 pas
291 2977 432 3053 acheter
456 2975 535 3052 sans
570 2976 671 3054 avoir
696 2979 805 3053 averti
841 2979 1029 3058 l'Alcalde
1064 3004 1114 3056 ou
1138 2981 1173 3057 le
1276 2979 1366 3057 fdu
1389 2981 1558 3059 rien...
1593 2978 1726 3079 Depuit

202 3103 272 3183 que
296 3082 334 3154 ie
355 3102 553 3156 commerce
577 3078 638 3156 des
661 3075 812 3157 esclavcs
836 3077 885 3158 est
909 3081 1106 3178 mnoduit,
1133 3099 1250 3165 toutes
1272 3085 1323 3169 lar
1359 3084 1543 3186 punitiom
1578 3082 1642 3168 dna
1664 3080 1726 3162 bln-

205 3202 284 3283 gres
308 3177 345 3260 se
369 3178 556 3263 reduntur
583 3182 619 3263 nl
645 3179 833 3285 esclavage.
968 3222 972 3229 1
1299 3196 1303 3202 '

893 3403 924 3492 §-
944 3488 952 3501 ,
976 3397 1049 3477 111.

310 3591 357 3668 In
380 3615 420 3670 re
442 3591 577 3672 difficili
602 3595 842 3698 &perianosa
867 3618 1004 3682 certum
1026 3601 1080 3682 est
1104 3602 1242 3704 primb,
1268 3626 1344 3685 non
1367 3604 1435 3687 effe
1461 3595 1726 3704 liciturum!-

205 3714 315 3793 quam
348 3693 505 3772 sclavum
541 3695 658 3777 facere
693 3724 739 3776 eo
773 3701 887 3778 solum
911 3723 952 3781 ut
976 3703 1184 3785 christianus
1216 3707 1305 3801 θεῖς
1330 3707 1496 3789 Christus
1532 3710 1628 3787 enim
1658 3724 1731 3782 w

207 3800 284 3872 uuit
308 3796 516 3874 christianos
541 3798 617 3876 fieri
642 3827 702 3901 per
729 3804 915 3892 injuriam.
941 3806 1128 3901 Secundb,
1152 3832 1198 3885 eat
1223 3811 1356 3902 injuriis
1389 3817 1428 3891 dt
1451 3811 1591 3889 sevitia
1626 3804 1728 3910 parti

205 3900 381 3976 calatium
406 3900 638 3979 dominorum
663 3901 797 3981 sclavos
822 3906 972 3983 insolitis
992 3909 1169 3987 laboribus
1189 3914 1496 4010 opprimentium,
1517 3918 1555 3993 &
1570 3934 1620 3989 ex
1641 3908 1730 3989 scau·

206 3998 292 4075 dalo
316 3998 551 4079 offenfioneue
586 4003 784 4082 infidelium
820 4008 998 4087 interdum
1022 4009 1250 4110 contingente
1286 4037 1361 4090 non
1386 4012 1537 4094 infertor
1572 4012 1733 4090 illicitam

205 4100 263 4178 vei
292 4101 452 4191 injustam
477 4101 576 4181 fuisse
602 4107 937 4205 mancipationem,
970 4132 1009 4188 ut
1035 4130 1134 4210 putet
1156 4168 1170 4207 ,
1195 4139 1281 4193 nam
1307 4118 1430 4193 omnia
1453 4117 1520 4193 ilia
1555 4112 1733 4192 soooedue

206 4199 379 4301 poli'unt,
415 4205 502 4279 dum
537 4202 673 4283 sclavus
703 4208 793 4297 iulio
827 4211 921 4286 bello
956 4214 1115 4310 capitur·
1150 4214 1344 4294 Peccatum
1374 4219 1443 4294 erit
1466 4233 1563 4293 tunc
1593 4212 1734 4293 nmiu

205 4303 474 4402 mancipando,
500 4304 559 4381 sed
583 4308 621 4383 in
645 4309 766 4387 herilis
792 4312 971 4412 potestatis
996 4313 1122 4392 abusu.
1149 4315 1302 4413 Tertio,
1325 4321 1388 4419 qui
1411 4317 1576 4395 sclavum
1609 4314 1732 4406 emit,

206 4417 351 4480 tenetur
374 4409 601 4504 examinare,
628 4434 676 4511 an
702 4414 864 4490 venditor
888 4411 985 4491 licite
1011 4418 1164 4512 vendat,
1191 4423 1274 4518 quia
1296 4440 1436 4498 tenetur
1458 4421 1663 4498 anamim
1685 4437 1733 4488 ω

210 4502 282 4604 ipse
307 4504 405 4583 licite
428 4533 545 4587 emat:
570 4514 665 4612 quod
691 4513 785 4590 idem
811 4513 870 4591 seu
895 4520 1143 4594 correlativum
1166 4521 1238 4597 esi.
1264 4521 1396 4622 Excipe
1420 4519 1489 4598 nifi
1513 4546 1563 4600 cx
1586 4516 1733 4596 moden»

209 4606 255 4683 tis
279 4609 471 4708 qualitate,
499 4613 555 4692 vel
581 4615 722 4691 aliunde
747 4612 948 4708 justificatio
972 4622 1171 4702 contraitur
1202 4642 1293 4709 nota
1317 4622 1394 4721 fir,
1432 4642 1524 4703 tunc
1548 4620 1648 4701 enim
1681 4617 1733 4695 b·

78 4792 84 4801 ¹
210 4730 304 4831 cum·
319 4711 427 4788 habet
451 4715 546 4812 quod
569 4710 673 4815 supra
697 4717 820 4795 docuit
844 4715 1039 4798 Carraseo.

209 4898 567 4960 .·..............
1577 4821 1692 4925 ΟΜ

251 4981 308 5052 (a)
327 4987 471 5079 Maricio,
488 4990 545 5060 la.
565 4996 645 5067 Curs-
666 5000 733 5056 ax.
751 5016 840 5068 tan.
879 5001 938 5072 (b)
957 5003 1102 5063 Salorun.
1121 5021 1224 5066 tou-r.
1242 5004 1437 5072 velamur·
1451 5002 1517 5074 ba·
1537 5022 1566 5069 θ·
1577 5025 1611 5076 1·

251 5056 306 5128 (⁶)
327 5062 411 5132 ΡΜ·
428 5067 496 5140 ⁸¹1·
514 5067 564 5138 cn
581 5072 642 5138 uu.
655 5091 725 5149 rer·
746 5096 813 5149 aaa·
853 5076 913 5165 (dl
931 5077 1009 5157 ura
1027 5097 1092 5156 rr·
1109 5081 1162 5149 lii·
1174 5105 1200 5157 r·
1218 5085 1319 5158 real·
1333 5099 1413 5176 aar·
1432 5100 1528 5161 arra·
1553 5130 1556 5135 -
