3856 5678
186 278 325 413 '3'12
686 306 1267 391 Onnrutrrottns

201 456 520 551 sanetimonialinm
557 448 776 529 formatione
812 448 1064 550 processuum,
1103 450 1329 529 censurarum
1356 444 1622 548 publicatione,
1662 469 1740 555 ptoo'

202 561 431 648 cessionibus,
457 555 712 654 pre-cedentia,
738 558 901 632 locorum
939 553 1191 654 acquisitione,
1214 556 1400 653 certisque
1436 556 1512 652 aliis
1549 580 1657 650 tunc,
1682 583 1736 635 ex·

186 661 316 765 «predis
342 659 463 751 rebus,
490 660 533 734 de
560 659 698 734 vicariis
724 681 893 758 perpetuo
919 658 1114 753 uniendis,
1157 683 1217 755 per
1243 659 1465 734 ordinarium
1486 658 1734 754 instituendis,

200 775 235 844 dt
259 766 303 838 de
341 764 505 862 portione
532 762 706 838 illarum:
744 787 819 862 quar
855 787 920 861 pro
956 785 1261 860 quommeumque
1299 758 1479 834 Ordinum
1514 762 1746 858 regularibus·

198 885 434 958 emanarunt,
462 890 503 940 ac
529 865 572 938 de
598 864 761 941 omnibus
788 868 824 940 in
861 864 911 939 eis
937 866 1147 958 contentis,
1183 889 1263 938 eam
1289 866 1470 937 rationem
1496 862 1564 937 eise
1602 863 1728 967 haben-

196 973 284 1046 dam
312 995 354 1044 ac
382 967 410 1043 st
435 994 632 1066 numquam
657 964 906 1044 emanassent.
945 964 1013 1041 Pet
1039 993 1147 1065 quam
1173 965 1468 1040 constitutionem
1499 962 1594 1041 satta
1631 960 1747 1064 privs-⁸

196 1075 279 1171 legii
306 1073 422 1170 pinni,
448 1076 544 1170 quod
568 1071 612 1145 de
650 1069 955 1146 administratione
989 1069 1313 1159 sacramentorum,
1340 1075 1374 1145 br
1409 1093 1493 1143 cura
1530 1068 1724 1160 animarum

194 1176 265 1268 est,
293 1176 340 1249 ad
364 1176 447 1264 juris
473 1174 642 1248 terminos
667 1174 822 1249 reduetio
848 1169 1088 1248 neceffitatem
1118 1170 1204 1247 fecit
1239 1169 1411 1270 praesentis
1446 1170 1717 1269 ordinationis,

198 1279 244 1355 ad
271 1279 440 1353 terminos
465 1278 577 1352 etiam
603 1276 685 1367 juris
711 1272 873 1350 insuam
900 1276 1013 1350 vicem
1038 1276 1261 1374 redigendae.
1442 1368 1448 1375 ἠ
1706 1369 1709 1373 ,

301 1378 576 1455 BafiliusPonce
602 1379 694 1475 apud
720 1380 781 1453 cit.
794 1375 930 1476 Ortega
957 1382 1010 1466 (a)
1036 1379 1111 1468 ait,
1138 1379 1403 1454 revocationem
1428 1376 1598 1477 Gregorii
1617 1376 1720 1457 XIII.

196 1509 270 1558 non
296 1480 395 1558 fuine
421 1485 457 1556 in
483 1479 656 1581 Hispania
681 1502 883 1580 receptam.
920 1476 1031 1575 Quod
1055 1480 1145 1554 mihi
1173 1480 1276 1555 valde
1302 1481 1446 1554 dubium
1485 1481 1557 1574 est,
1596 1479 1719 1577 nilide

197 1612 273 1660 uno
298 1588 353 1661 vel
380 1588 494 1661 altero
519 1587 649 1682 pundo
675 1584 881 1683 particulari
907 1583 1145 1680 intelligatur.
1171 1582 1386 1658 Emmanuel
1424 1585 1631 1683 Rodriguez
1652 1583 1740 1659 Mt?

195 1689 315 1764 norita
342 1689 436 1764 illius
462 1688 630 1784 temporis
657 1687 786 1763 author
810 1706 989 1783 receptam
1016 1681 1081 1758 elle
1107 1683 1294 1782 supponit,
1321 1686 1408 1759 dum
1435 1687 1624 1760 contendit
1656 1684 1718 1775 (s),

195 1792 475 1865 declarationem
502 1789 555 1864 Pii
582 1789 628 1861 V.
655 1791 749 1865 circa
774 1794 939 1888 quartam
965 1784 1184 1879 funeralem,
1211 1790 1253 1861 de
1272 1813 1341 1886 qua
1364 1789 1433 1879 ibi,
1461 1789 1661 1863 immunem
1678 1786 1717 1861 es·

194 1891 230 1967 se
257 1894 278 1965 a
304 1894 529 1968 revocatione
554 1891 753 1989 Gregorii,
788 1916 863 1964 non
887 1891 971 1988 quia
1006 1890 1187 1965 revocatio
1213 1915 1287 1963 non
1325 1885 1595 1990 effer-recepta,
1635 1886 1716 1990 quod

192 1996 289 2069 arou
313 2015 392 2068 erat
416 1994 562 2069 obvium
589 1991 615 2066 st
641 1988 725 2068 esset
751 2016 897 2084 verum,
923 1989 983 2065 sed
1007 1992 1089 2089 quia
1117 1992 1223 2089 piana
1251 1991 1426 2066 concessio
1452 2019 1553 2069 mera
1579 1992 1645 2069 suit
1671 1994 1717 2082 iu-
1751 2084 1754 2091 Ι

95 2117 99 2125 ·
193 2098 242 2169 ris
266 2096 470 2171 Tridentini
497 2096 715 2186 declaratio,
743 2121 825 2169 cum
850 2094 1043 2190 Gregorius
1070 2113 1212 2168 tantum
1241 2097 1460 2170 revocaverit
1495 2097 1516 2171 a
1545 2095 1608 2171 Pio
1641 2119 1714 2170 cou-

193 2193 284 2272 cessa
311 2212 433 2294 praeter
459 2198 513 2270 vel
540 2215 665 2271 contra
692 2197 895 2273 Tridentini
934 2196 1017 2282 jus.
1057 2195 1101 2269 In
1126 2196 1281 2295 quadam
1316 2199 1413 2294 regia
1439 2196 1608 2273 schedula
1644 2199 1713 2271 data

195 2321 257 2395 27.
284 2297 364 2394 Jan.
397 2320 504 2396 1572.
531 2302 644 2374 relata
672 2300 707 2372 in
735 2302 805 2374 alia
841 2297 1054 2373 ferdinandi
1091 2297 1157 2371 VI.
1186 2301 1269 2374 anni
1299 2321 1414 2395 1750.
1436 2323 1497 2395 24.
1535 2298 1635 2374 Febr.
1670 2298 1713 2374 de·

193 2404 349 2476 cernitur
374 2422 414 2478 ut
441 2402 559 2477 valeat
586 2402 623 2473 in
647 2399 757 2475 Indiis
783 2399 991 2475 constitutio
1017 2398 1072 2474 Pii
1100 2398 1144 2472 V.
1174 2403 1257 2475 anni
1289 2410 1396 2498 1567.
1427 2423 1440 2474 t
1450 2426 1483 2499 5.
1513 2400 1631 2493 Maii3
1671 2422 1711 2473 ua

193 2506 336 2604 quidem
361 2502 409 2579 est
436 2504 481 2578 de
508 2524 719 2599 argumento
746 2506 783 2578 in
808 2502 1038 2577 revocatione
1064 2500 1340 2600 comprehenso.
1377 2503 1446 2577 Illa
1474 2526 1599 2581 tamen
1632 2502 1662 2578 sc
1697 2539 1729 2597 ι,

192 2608 277 2682 dula
305 2607 387 2682 anni
419 2627 526 2701 1572.
554 2604 720 2702 praeceffit
746 2603 921 2679 mensibus
946 2602 1149 2699 quindecim
1176 2605 1440 2680 revocationem
1454 2610 1707 2704 gregorianam.
1735 2677 1739 2689 ,

192 2706 415 2804 Proindeque
442 2706 536 2780 trahi
563 2707 684 2804 nequit
713 2707 758 2779 ad
784 2704 1000 2780 firmandum
1027 2708 1184 2780 valorem
1222 2706 1450 2783 concessionis
1476 2710 1597 2807 postea
1631 2731 1708 2783 revo

192 2831 302 2902 catae,
330 2831 443 2906 neque
470 2808 517 2884 ad
553 2806 776 2907 probandum
810 2808 1076 2887 revocationem
1109 2806 1228 2907 postea
1253 2807 1385 2887 saetam
1422 2837 1497 2891 nou
1530 2806 1598 2893 etse
1629 2825 1707 2891 rece·

189 2930 314 3008 pram.

454 3102 1081 3202 -onotna'sto
1178 3124 1419 3205 otxxxvn

731 3226 841 3304 Anno
870 3250 979 3326 1595.
1007 3255 1044 3323 9.
1072 3228 1188 3304 Maii.

206 3419 213 3427 ’
284 3427 319 3504 T
346 3408 521 3525 regulares
546 3428 778 3506 ministerium
805 3433 981 3510 ludorum
1007 3453 1207 3509 exercentes
1242 3448 1449 3536 reputentur
1483 3418 1602 3514 vivere
1631 3418 1705 3510 intrl

311 3530 485 3605 claullra:
513 3557 553 3604 ac
580 3554 763 3629 propterea
790 3561 864 3611 non
890 3533 956 3610 esse
982 3536 1026 3610 ab
1052 3535 1253 3612 Ordinariis
1278 3539 1550 3634 molestandos,
1586 3537 1650 3614 nist
1678 3536 1706 3609 in

163 3630 324 3721 ,cafibus
349 3646 409 3731 pe'r
434 3632 687 3709 Tridentinum
713 3635 926 3729 reservatis,
962 3639 1162 3713 dummodo
1188 3642 1358 3737 quolibet
1380 3668 1477 3719 anno
1504 3669 1625 3719 coram
1658 3636 1705 3715 suo

191 3732 367 3831 superiore
394 3733 429 3808 se
456 3735 687 3833 praesentent,
715 3744 749 3817 br
776 3740 1047 3815 innovationem
1075 3743 1301 3833 licentiarum
1327 3745 1542 3820 obtineant.
1572 3730 1706 3856 blandt3

191 3856 316 3934 turque
342 3835 456 3912 Priori
483 3838 518 3912 S.
545 3839 754 3932 Dominici,
780 3841 1005 3923 ,2Provinciali
1042 3843 1078 3918 S.
1110 3844 1318 3942 Augustini,
1348 3874 1388 3922 ae
1426 3847 1706 3923 Commendatort
1735 3874 1739 3885 ·

188 3936 229 4013 Β.
258 3938 383 4014 Mariae
408 3943 453 4015 de
477 3936 647 4018 Mercede
673 3943 968 4020 monasteriorum
993 3944 1162 4022 Civitatis
1187 3948 1351 4044 Regum,
1391 3951 1445 4025 vel
1472 3949 1610 4050 Cuzqui
1624 4006 1634 4043 ,
1664 3936 1707 4021 vel

187 4043 232 4114 de
269 4037 418 4136 Qrito',
457 4064 629 4141 quatenus
668 4043 766 4141 ipsr,
804 4050 858 4121 vel
895 4047 999 4139 duo,
1039 4049 1092 4121 vel
1131 4075 1219 4123 unus
1247 4052 1388 4125 tantum
1425 4051 1546 4148 perse
1585 4054 1638 4129 vel
1661 4050 1708 4147 pd

190 4143 325 4233 alitun,
353 4143 528 4242 presentis
555 4144 681 4219 indulti
707 4147 970 4226 conservatores
998 4170 1125 4249 agant.
1151 4150 1262 4229 Extat
1290 4157 1382 4253 apud
1409 4151 1531 4231 Frasso
1567 4182 1642 4255 cap.
1661 4152 1707 4248 56ι

191 4247 281 4335 (c).
309 4241 441 4346 Incipit
466 4251 642 4359 Quantum
666 4273 750 4322 vest

222 5019 251 5083 s·
270 5018 280 5061 l
302 5020 404 5088 Ponte,
424 5022 474 5079 lis.
498 5045 523 5091 3·
544 5027 590 5083 De
607 5028 702 5082 Matr.
720 5042 784 5090 τερ.
808 5047 852 5092 15.
934 5027 990 5098 (b)
1008 5027 1123 5100 Radrig.
1144 5030 1217 5106 Q
1236 5032 1337 5101 Regal.
1360 5049 1387 5102 q.
1411 5049 1458 5101 39·
1481 5046 1542 5091 arr.
1566 5048 1595 5085 ιε

221 5098 281 5164 (ιι
301 5101 415 5169 Fraefft,
436 5119 500 5167 cap·
522 5114 568 5166 sc.
588 5104 632 5162 De
648 5105 717 5174 tter·
737 5103 803 5197 lad·
821 5107 907 5167 Patr.
925 5120 1002 5168 nun.
1025 5128 1071 5171 ar.
