<?xml version="1.0" encoding="UTF-8"?>
<!DOCTYPE html PUBLIC "-//W3C//DTD XHTML 1.0 Transitional//EN"
    "http://www.w3.org/TR/xhtml1/DTD/xhtml1-transitional.dtd">
<html xmlns="http://www.w3.org/1999/xhtml" xml:lang="en" lang="en">
 <head>
  <title>
</title>
<meta http-equiv="Content-Type" content="text/html;charset=utf-8" />
  <meta name='ocr-system' content='tesseract 3.04.00' />
  <meta name='ocr-capabilities' content='ocr_page ocr_carea ocr_par ocr_line ocrx_word'/>
</head>
<body>
  <div class='ocr_page' id='page_1' title='image "./fastinoviorbise00moregoog_0128.png"; bbox 0 0 3864 5686; ppageno 0'>
   <div class='ocr_carea' id='block_1_1' title="bbox 543 310 1683 426">
    <p class='ocr_par' dir='ltr' id='par_1_1' title="bbox 543 310 1683 426">
     <span class='ocr_line' id='line_1_1' title="bbox 543 310 1683 426; baseline 0.015 -25"><span class='ocrx_word' id='word_1_1' title='bbox 543 310 679 404; x_wconf 75' lang='lat' dir='ltr'>Ano</span> <span class='ocrx_word' id='word_1_2' title='bbox 703 339 874 403; x_wconf 54' lang='lat' dir='ltr'>trost</span> <span class='ocrx_word' id='word_1_3' title='bbox 897 339 1046 406; x_wconf 72' lang='lat' dir='ltr'>len.</span> <span class='ocrx_word' id='word_1_4' title='bbox 1100 345 1210 426; x_wconf 85' lang='lat'><em>1500.</em></span> <span class='ocrx_word' id='word_1_5' title='bbox 1265 330 1377 424; x_wconf 84' lang='lat'>1563.</span> <span class='ocrx_word' id='word_1_6' title='bbox 1606 332 1683 423; x_wconf 72' lang='lat'>¹¹7</span> 
     </span>
    </p>
   </div>
   <div class='ocr_carea' id='block_1_2' title="bbox 191 458 1801 4798">
    <p class='ocr_par' dir='ltr' id='par_1_2' title="bbox 191 458 1801 4798">
     <span class='ocr_line' id='line_1_2' title="bbox 194 458 1801 566; baseline 0.003 -27"><span class='ocrx_word' id='word_1_7' title='bbox 194 458 240 549; x_wconf 79' lang='lat' dir='ltr'>de</span> <span class='ocrx_word' id='word_1_8' title='bbox 272 458 333 557; x_wconf 81' lang='lat' dir='ltr'>se,</span> <span class='ocrx_word' id='word_1_9' title='bbox 369 485 505 566; x_wconf 88' lang='lat' dir='ltr'>aunque</span> <span class='ocrx_word' id='word_1_10' title='bbox 540 491 590 546; x_wconf 90' lang='lat' dir='ltr'>no</span> <span class='ocrx_word' id='word_1_11' title='bbox 622 465 850 543; x_wconf 82' lang='lat' dir='ltr'>scentienda</span> <span class='ocrx_word' id='word_1_12' title='bbox 884 470 919 542; x_wconf 89' lang='lat' dir='ltr'>el</span> <span class='ocrx_word' id='word_1_13' title='bbox 944 468 1065 557; x_wconf 85' lang='lat' dir='ltr'>objeto</span> <span class='ocrx_word' id='word_1_14' title='bbox 1100 466 1242 558; x_wconf 87' lang='lat' dir='ltr'>creido,</span> <span class='ocrx_word' id='word_1_15' title='bbox 1281 490 1391 541; x_wconf 89' lang='lat' dir='ltr'>como</span> <span class='ocrx_word' id='word_1_16' title='bbox 1416 465 1450 540; x_wconf 87' lang='lat' dir='ltr'>el</span> <span class='ocrx_word' id='word_1_17' title='bbox 1484 467 1597 542; x_wconf 85' lang='lat' dir='ltr'>idiota</span> <span class='ocrx_word' id='word_1_18' title='bbox 1635 466 1735 559; x_wconf 84' lang='lat' dir='ltr'>tiene</span> <span class='ocrx_word' id='word_1_19' title='bbox 1794 534 1801 544; x_wconf 85' lang='lat'>.</span> 
     </span>
     <span class='ocr_line' id='line_1_3' title="bbox 194 563 1735 667; baseline -0.001 -25"><span class='ocrx_word' id='word_1_20' title='bbox 194 569 272 642; x_wconf 67' lang='lat' dir='ltr'>aeto</span> <span class='ocrx_word' id='word_1_21' title='bbox 296 567 340 640; x_wconf 85' lang='lat' dir='ltr'>de</span> <span class='ocrx_word' id='word_1_22' title='bbox 365 563 400 642; x_wconf 83' lang='lat' dir='ltr'>fe</span> <span class='ocrx_word' id='word_1_23' title='bbox 426 571 570 667; x_wconf 86' lang='lat' dir='ltr'>quaudo</span> <span class='ocrx_word' id='word_1_24' title='bbox 597 591 765 664; x_wconf 88' lang='lat' dir='ltr'>creequc</span> <span class='ocrx_word' id='word_1_25' title='bbox 790 595 826 642; x_wconf 87' lang='lat' dir='ltr'>es</span> <span class='ocrx_word' id='word_1_26' title='bbox 852 569 981 645; x_wconf 89' lang='lat' dir='ltr'>verdad</span> <span class='ocrx_word' id='word_1_27' title='bbox 1007 571 1136 665; x_wconf 92' lang='lat' dir='ltr'>loque</span> <span class='ocrx_word' id='word_1_28' title='bbox 1161 566 1232 643; x_wconf 69' lang='lat' dir='ltr'>esti</span> <span class='ocrx_word' id='word_1_29' title='bbox 1257 592 1302 642; x_wconf 89' lang='lat' dir='ltr'>en</span> <span class='ocrx_word' id='word_1_30' title='bbox 1328 571 1364 643; x_wconf 90' lang='lat' dir='ltr'>la</span> <span class='ocrx_word' id='word_1_31' title='bbox 1389 566 1504 644; x_wconf 90' lang='lat' dir='ltr'>Biblia</span> <span class='ocrx_word' id='word_1_32' title='bbox 1533 622 1542 640; x_wconf 86' lang='lat'><strong>.</strong></span> <span class='ocrx_word' id='word_1_33' title='bbox 1582 590 1617 642; x_wconf 84' lang='lat'>2.</span> <span class='ocrx_word' id='word_1_34' title='bbox 1653 563 1735 662; x_wconf 79' lang='lat' dir='ltr'>Quc</span> 
     </span>
     <span class='ocr_line' id='line_1_4' title="bbox 197 658 1734 767; baseline -0.002 -23"><span class='ocrx_word' id='word_1_35' title='bbox 197 667 291 744; x_wconf 85' lang='lat' dir='ltr'>Dios</span> <span class='ocrx_word' id='word_1_36' title='bbox 316 667 398 743; x_wconf 90' lang='lat' dir='ltr'>hizo</span> <span class='ocrx_word' id='word_1_37' title='bbox 434 672 521 745; x_wconf 92' lang='lat' dir='ltr'>todo</span> <span class='ocrx_word' id='word_1_38' title='bbox 547 674 580 745; x_wconf 89' lang='lat' dir='ltr'>el</span> <span class='ocrx_word' id='word_1_39' title='bbox 604 671 762 744; x_wconf 87' lang='lat' dir='ltr'>mundo.</span> <span class='ocrx_word' id='word_1_40' title='bbox 789 671 850 745; x_wconf 92' lang='lat' dir='ltr'>No</span> <span class='ocrx_word' id='word_1_41' title='bbox 875 696 911 746; x_wconf 90' lang='lat' dir='ltr'>es</span> <span class='ocrx_word' id='word_1_42' title='bbox 936 667 1125 745; x_wconf 82' lang='lat' dir='ltr'>neteliario</span> <span class='ocrx_word' id='word_1_43' title='bbox 1149 694 1217 767; x_wconf 89' lang='lat' dir='ltr'>que</span> <span class='ocrx_word' id='word_1_44' title='bbox 1243 671 1408 766; x_wconf 88' lang='lat' dir='ltr'>perciban</span> <span class='ocrx_word' id='word_1_45' title='bbox 1432 658 1554 746; x_wconf 57' lang='lat' dir='ltr'>comol</span> <span class='ocrx_word' id='word_1_46' title='bbox 1577 673 1614 743; x_wconf 96' lang='lat' dir='ltr'>lo</span> <span class='ocrx_word' id='word_1_47' title='bbox 1650 668 1734 757; x_wconf 81' lang='lat' dir='ltr'>hizo</span> 
     </span>
     <span class='ocr_line' id='line_1_5' title="bbox 195 767 1735 870; baseline 0.001 -25"><span class='ocrx_word' id='word_1_48' title='bbox 195 771 235 845; x_wconf 80' lang='lat' dir='ltr'>dc</span> <span class='ocrx_word' id='word_1_49' title='bbox 259 769 397 861; x_wconf 75' lang='lat' dir='ltr'>uada,</span> <span class='ocrx_word' id='word_1_50' title='bbox 432 797 517 868; x_wconf 87' lang='lat' dir='ltr'>ques</span> <span class='ocrx_word' id='word_1_51' title='bbox 553 775 588 846; x_wconf 91' lang='lat' dir='ltr'>al</span> <span class='ocrx_word' id='word_1_52' title='bbox 617 773 703 845; x_wconf 89' lang='lat' dir='ltr'>todo</span> <span class='ocrx_word' id='word_1_53' title='bbox 741 796 790 846; x_wconf 94' lang='lat' dir='ltr'>no</span> <span class='ocrx_word' id='word_1_54' title='bbox 815 773 848 848; x_wconf 89' lang='lat' dir='ltr'>se</span> <span class='ocrx_word' id='word_1_55' title='bbox 873 771 1005 868; x_wconf 84' lang='lat' dir='ltr'>lupone</span> <span class='ocrx_word' id='word_1_56' title='bbox 1031 771 1126 845; x_wconf 88' lang='lat' dir='ltr'>nada</span> <span class='ocrx_word' id='word_1_57' title='bbox 1151 773 1194 846; x_wconf 87' lang='lat' dir='ltr'>de</span> <span class='ocrx_word' id='word_1_58' title='bbox 1229 798 1296 870; x_wconf 89' lang='lat' dir='ltr'>que</span> <span class='ocrx_word' id='word_1_59' title='bbox 1322 772 1381 845; x_wconf 84' lang='lat' dir='ltr'>sea</span> <span class='ocrx_word' id='word_1_60' title='bbox 1407 772 1549 848; x_wconf 91' lang='lat' dir='ltr'>hecho.</span> <span class='ocrx_word' id='word_1_61' title='bbox 1588 790 1623 868; x_wconf 85' lang='lat'>3.</span> <span class='ocrx_word' id='word_1_62' title='bbox 1651 767 1735 868; x_wconf 74' lang='lat' dir='ltr'>Q·</span> 
     </span>
     <span class='ocr_line' id='line_1_6' title="bbox 193 867 1733 972; baseline 0.001 -28"><span class='ocrx_word' id='word_1_63' title='bbox 193 867 432 966; x_wconf 70' lang='lat' dir='ltr'>lesu-Christo</span> <span class='ocrx_word' id='word_1_64' title='bbox 457 898 492 947; x_wconf 88' lang='lat' dir='ltr'>es</span> <span class='ocrx_word' id='word_1_65' title='bbox 527 873 670 966; x_wconf 88' lang='lat' dir='ltr'>Diosy</span> <span class='ocrx_word' id='word_1_66' title='bbox 705 873 852 963; x_wconf 84' lang='lat' dir='ltr'>hombre</span> <span class='ocrx_word' id='word_1_67' title='bbox 889 874 1085 948; x_wconf 85' lang='lat' dir='ltr'>verdadero</span> <span class='ocrx_word' id='word_1_68' title='bbox 1119 897 1187 972; x_wconf 83' lang='lat' dir='ltr'>que</span> <span class='ocrx_word' id='word_1_69' title='bbox 1211 874 1319 948; x_wconf 89' lang='lat' dir='ltr'>nacio</span> <span class='ocrx_word' id='word_1_70' title='bbox 1345 876 1389 947; x_wconf 87' lang='lat' dir='ltr'>de</span> <span class='ocrx_word' id='word_1_71' title='bbox 1427 900 1500 948; x_wconf 84' lang='lat' dir='ltr'>una</span> <span class='ocrx_word' id='word_1_72' title='bbox 1527 875 1733 969; x_wconf 74' lang='lat' dir='ltr'>virgen,y</span> 
     </span>
     <span class='ocr_line' id='line_1_7' title="bbox 192 970 1735 1071; baseline 0 -25"><span class='ocrx_word' id='word_1_73' title='bbox 192 972 311 1046; x_wconf 74' lang='lat' dir='ltr'>nmio</span> <span class='ocrx_word' id='word_1_74' title='bbox 336 999 400 1071; x_wconf 91' lang='lat' dir='ltr'>pot</span> <span class='ocrx_word' id='word_1_75' title='bbox 425 977 479 1049; x_wconf 92' lang='lat' dir='ltr'>los</span> <span class='ocrx_word' id='word_1_76' title='bbox 504 975 668 1049; x_wconf 86' lang='lat' dir='ltr'>hombres</span> <span class='ocrx_word' id='word_1_77' title='bbox 694 997 739 1046; x_wconf 91' lang='lat' dir='ltr'>en</span> <span class='ocrx_word' id='word_1_78' title='bbox 764 1001 836 1050; x_wconf 88' lang='lat' dir='ltr'>una</span> <span class='ocrx_word' id='word_1_79' title='bbox 872 1001 986 1067; x_wconf 90' lang='lat' dir='ltr'>cruz,</span> <span class='ocrx_word' id='word_1_80' title='bbox 1021 1000 1044 1070; x_wconf 92' lang='lat' dir='ltr'>y</span> <span class='ocrx_word' id='word_1_81' title='bbox 1079 971 1267 1065; x_wconf 86' lang='lat' dir='ltr'>resucit6,</span> <span class='ocrx_word' id='word_1_82' title='bbox 1303 1000 1326 1067; x_wconf 89' lang='lat' dir='ltr'>y</span> <span class='ocrx_word' id='word_1_83' title='bbox 1361 973 1433 1050; x_wconf 75' lang='lat' dir='ltr'>estai</span> <span class='ocrx_word' id='word_1_84' title='bbox 1459 974 1583 1069; x_wconf 67' lang='lat' dir='ltr'>,ahora</span> <span class='ocrx_word' id='word_1_85' title='bbox 1617 998 1663 1046; x_wconf 87' lang='lat' dir='ltr'>en</span> <span class='ocrx_word' id='word_1_86' title='bbox 1700 970 1735 1046; x_wconf 88' lang='lat' dir='ltr'>el</span> 
     </span>
     <span class='ocr_line' id='line_1_8' title="bbox 191 1073 1732 1174; baseline 0.001 -27"><span class='ocrx_word' id='word_1_87' title='bbox 191 1075 305 1147; x_wconf 80' lang='lat' dir='ltr'>ciclo.</span> <span class='ocrx_word' id='word_1_88' title='bbox 334 1101 355 1168; x_wconf 93' lang='lat' dir='ltr'>y</span> <span class='ocrx_word' id='word_1_89' title='bbox 380 1099 426 1149; x_wconf 90' lang='lat' dir='ltr'>cu</span> <span class='ocrx_word' id='word_1_90' title='bbox 450 1076 523 1151; x_wconf 88' lang='lat' dir='ltr'>esto</span> <span class='ocrx_word' id='word_1_91' title='bbox 548 1075 736 1150; x_wconf 87' lang='lat' dir='ltr'>entienden</span> <span class='ocrx_word' id='word_1_92' title='bbox 773 1078 1051 1151; x_wconf 84' lang='lat' dir='ltr'>ballantemente</span> <span class='ocrx_word' id='word_1_93' title='bbox 1088 1080 1122 1150; x_wconf 90' lang='lat' dir='ltr'>la</span> <span class='ocrx_word' id='word_1_94' title='bbox 1159 1077 1376 1173; x_wconf 87' lang='lat' dir='ltr'>concepcion</span> <span class='ocrx_word' id='word_1_95' title='bbox 1414 1101 1480 1174; x_wconf 93' lang='lat' dir='ltr'>por</span> <span class='ocrx_word' id='word_1_96' title='bbox 1506 1078 1539 1149; x_wconf 92' lang='lat' dir='ltr'>el</span> <span class='ocrx_word' id='word_1_97' title='bbox 1576 1073 1732 1169; x_wconf 85' lang='lat' dir='ltr'>Elpiritu</span> 
     </span>
     <span class='ocr_line' id='line_1_9' title="bbox 191 1172 1731 1274; baseline -0.001 -24"><span class='ocrx_word' id='word_1_98' title='bbox 191 1173 331 1263; x_wconf 75' lang='lat' dir='ltr'>Sento,</span> <span class='ocrx_word' id='word_1_99' title='bbox 370 1172 501 1273; x_wconf 87' lang='lat' dir='ltr'>porquc</span> <span class='ocrx_word' id='word_1_100' title='bbox 536 1201 642 1251; x_wconf 88' lang='lat' dir='ltr'>nacer</span> <span class='ocrx_word' id='word_1_101' title='bbox 668 1178 712 1248; x_wconf 93' lang='lat' dir='ltr'>de</span> <span class='ocrx_word' id='word_1_102' title='bbox 739 1179 858 1274; x_wconf 79' lang='lat' dir='ltr'>virgeu</span> <span class='ocrx_word' id='word_1_103' title='bbox 883 1179 959 1252; x_wconf 86' lang='lat' dir='ltr'>dice</span> <span class='ocrx_word' id='word_1_104' title='bbox 993 1176 1045 1251; x_wconf 88' lang='lat' dir='ltr'>ser</span> <span class='ocrx_word' id='word_1_105' title='bbox 1071 1181 1105 1250; x_wconf 90' lang='lat' dir='ltr'>la</span> <span class='ocrx_word' id='word_1_106' title='bbox 1144 1177 1361 1272; x_wconf 89' lang='lat' dir='ltr'>concepcion</span> <span class='ocrx_word' id='word_1_107' title='bbox 1396 1175 1670 1266; x_wconf 87' lang='lat' dir='ltr'>sobreuatural,</span> <span class='ocrx_word' id='word_1_108' title='bbox 1704 1194 1731 1268; x_wconf 84' lang='lat' dir='ltr'>y</span> 
     </span>
     <span class='ocr_line' id='line_1_10' title="bbox 192 1275 1725 1374; baseline -0.002 -24"><span class='ocrx_word' id='word_1_109' title='bbox 192 1298 293 1351; x_wconf 85' lang='lat' dir='ltr'>creen</span> <span class='ocrx_word' id='word_1_110' title='bbox 320 1278 357 1350; x_wconf 84' lang='lat' dir='ltr'>la</span> <span class='ocrx_word' id='word_1_111' title='bbox 382 1277 506 1352; x_wconf 83' lang='lat' dir='ltr'>leffion</span> <span class='ocrx_word' id='word_1_112' title='bbox 532 1279 575 1351; x_wconf 80' lang='lat' dir='ltr'>ad</span> <span class='ocrx_word' id='word_1_113' title='bbox 601 1279 773 1350; x_wconf 79' lang='lat' dir='ltr'>dexteram</span> <span class='ocrx_word' id='word_1_114' title='bbox 799 1281 936 1352; x_wconf 74' lang='lat' dir='ltr'>Patris.</span> <span class='ocrx_word' id='word_1_115' title='bbox 966 1303 1000 1372; x_wconf 84' lang='lat'><em>4</em></span> <span class='ocrx_word' id='word_1_116' title='bbox 1029 1276 1286 1373; x_wconf 87' lang='lat' dir='ltr'>Preguutallcs:</span> <span class='ocrx_word' id='word_1_117' title='bbox 1314 1275 1471 1374; x_wconf 78' lang='lat' dir='ltr'>Qrando</span> <span class='ocrx_word' id='word_1_118' title='bbox 1496 1277 1530 1353; x_wconf 88' lang='lat' dir='ltr'>se</span> <span class='ocrx_word' id='word_1_119' title='bbox 1558 1299 1725 1368; x_wconf 84' lang='lat' dir='ltr'>mucren,</span> 
     </span>
     <span class='ocr_line' id='line_1_11' title="bbox 193 1377 1730 1476; baseline -0.001 -24"><span class='ocrx_word' id='word_1_120' title='bbox 193 1377 331 1452; x_wconf 78' lang='lat' dir='ltr'>adonde</span> <span class='ocrx_word' id='word_1_121' title='bbox 355 1378 399 1453; x_wconf 78' lang='lat' dir='ltr'>vri</span> <span class='ocrx_word' id='word_1_122' title='bbox 425 1382 459 1454; x_wconf 93' lang='lat' dir='ltr'>el</span> <span class='ocrx_word' id='word_1_123' title='bbox 484 1382 598 1455; x_wconf 83' lang='lat' dir='ltr'>alma.</span> <span class='ocrx_word' id='word_1_124' title='bbox 627 1403 648 1471; x_wconf 89' lang='lat' dir='ltr'>y</span> <span class='ocrx_word' id='word_1_125' title='bbox 685 1378 875 1454; x_wconf 77' lang='lat' dir='ltr'>enl&#39;erialles</span> <span class='ocrx_word' id='word_1_126' title='bbox 896 1434 907 1471; x_wconf 92' lang='lat'>,</span> <span class='ocrx_word' id='word_1_127' title='bbox 932 1402 1001 1476; x_wconf 92' lang='lat' dir='ltr'>que</span> <span class='ocrx_word' id='word_1_128' title='bbox 1026 1380 1077 1454; x_wconf 88' lang='lat' dir='ltr'>las</span> <span class='ocrx_word' id='word_1_129' title='bbox 1103 1382 1146 1452; x_wconf 93' lang='lat' dir='ltr'>de</span> <span class='ocrx_word' id='word_1_130' title='bbox 1171 1383 1223 1452; x_wconf 88' lang='lat' dir='ltr'>los</span> <span class='ocrx_word' id='word_1_131' title='bbox 1249 1380 1378 1454; x_wconf 87' lang='lat' dir='ltr'>buenos</span> <span class='ocrx_word' id='word_1_132' title='bbox 1415 1379 1623 1456; x_wconf 87' lang='lat' dir='ltr'>christianos</span> <span class='ocrx_word' id='word_1_133' title='bbox 1659 1400 1730 1451; x_wconf 89' lang='lat' dir='ltr'>van</span> 
     </span>
     <span class='ocr_line' id='line_1_12' title="bbox 194 1477 1728 1577; baseline -0.001 -25"><span class='ocrx_word' id='word_1_134' title='bbox 194 1482 224 1552; x_wconf 86' lang='lat' dir='ltr'>al</span> <span class='ocrx_word' id='word_1_135' title='bbox 250 1480 370 1570; x_wconf 86' lang='lat' dir='ltr'>ciclo,</span> <span class='ocrx_word' id='word_1_136' title='bbox 396 1505 418 1572; x_wconf 90' lang='lat' dir='ltr'>y</span> <span class='ocrx_word' id='word_1_137' title='bbox 444 1483 497 1555; x_wconf 86' lang='lat' dir='ltr'>las</span> <span class='ocrx_word' id='word_1_138' title='bbox 521 1484 566 1557; x_wconf 88' lang='lat' dir='ltr'>de</span> <span class='ocrx_word' id='word_1_139' title='bbox 590 1482 642 1553; x_wconf 83' lang='lat' dir='ltr'>los</span> <span class='ocrx_word' id='word_1_140' title='bbox 668 1477 799 1554; x_wconf 88' lang='lat' dir='ltr'>infieles</span> <span class='ocrx_word' id='word_1_141' title='bbox 825 1508 847 1576; x_wconf 90' lang='lat' dir='ltr'>y</span> <span class='ocrx_word' id='word_1_142' title='bbox 872 1484 987 1555; x_wconf 81' lang='lat' dir='ltr'>malos</span> <span class='ocrx_word' id='word_1_143' title='bbox 1015 1482 1049 1554; x_wconf 83' lang='lat' dir='ltr'>al</span> <span class='ocrx_word' id='word_1_144' title='bbox 1076 1478 1252 1553; x_wconf 86' lang='lat' dir='ltr'>infierno.</span> <span class='ocrx_word' id='word_1_145' title='bbox 1279 1507 1300 1574; x_wconf 90' lang='lat' dir='ltr'>y</span> <span class='ocrx_word' id='word_1_146' title='bbox 1327 1505 1372 1554; x_wconf 87' lang='lat' dir='ltr'>en</span> <span class='ocrx_word' id='word_1_147' title='bbox 1400 1484 1475 1557; x_wconf 81' lang='lat' dir='ltr'>ello</span> <span class='ocrx_word' id='word_1_148' title='bbox 1500 1506 1629 1571; x_wconf 92' lang='lat' dir='ltr'>creen,</span> <span class='ocrx_word' id='word_1_149' title='bbox 1656 1500 1728 1577; x_wconf 83' lang='lat' dir='ltr'>que</span> 
     </span>
     <span class='ocr_line' id='line_1_13' title="bbox 191 1579 1741 1680; baseline 0 -27"><span class='ocrx_word' id='word_1_150' title='bbox 191 1579 249 1653; x_wconf 87' lang='lat' dir='ltr'>hai</span> <span class='ocrx_word' id='word_1_151' title='bbox 275 1582 352 1668; x_wconf 80' lang='lat' dir='ltr'>juez</span> <span class='ocrx_word' id='word_1_152' title='bbox 378 1583 421 1655; x_wconf 92' lang='lat' dir='ltr'>dc</span> <span class='ocrx_word' id='word_1_153' title='bbox 458 1583 604 1673; x_wconf 81' lang='lat' dir='ltr'>vivosy</span> <span class='ocrx_word' id='word_1_154' title='bbox 639 1603 822 1673; x_wconf 85' lang='lat' dir='ltr'>muertos,</span> <span class='ocrx_word' id='word_1_155' title='bbox 848 1583 1044 1678; x_wconf 79' lang='lat' dir='ltr'>calligosy</span> <span class='ocrx_word' id='word_1_156' title='bbox 1079 1582 1266 1680; x_wconf 90' lang='lat' dir='ltr'>premios:</span> <span class='ocrx_word' id='word_1_157' title='bbox 1302 1581 1421 1656; x_wconf 87' lang='lat' dir='ltr'>donde</span> <span class='ocrx_word' id='word_1_158' title='bbox 1457 1581 1492 1656; x_wconf 90' lang='lat' dir='ltr'>se</span> <span class='ocrx_word' id='word_1_159' title='bbox 1530 1582 1657 1659; x_wconf 88' lang='lat' dir='ltr'>incluie</span> <span class='ocrx_word' id='word_1_160' title='bbox 1696 1579 1741 1654; x_wconf 87' lang='lat' dir='ltr'>el.</span> 
     </span>
     <span class='ocr_line' id='line_1_14' title="bbox 192 1680 1726 1781; baseline -0.002 -24"><span class='ocrx_word' id='word_1_161' title='bbox 192 1681 344 1757; x_wconf 80' lang='lat' dir='ltr'>articulo</span> <span class='ocrx_word' id='word_1_162' title='bbox 371 1683 416 1756; x_wconf 88' lang='lat' dir='ltr'>dc</span> <span class='ocrx_word' id='word_1_163' title='bbox 443 1685 478 1757; x_wconf 88' lang='lat' dir='ltr'>la</span> <span class='ocrx_word' id='word_1_164' title='bbox 503 1681 768 1781; x_wconf 70' lang='lat' dir='ltr'>glor’ilicacion,</span> <span class='ocrx_word' id='word_1_165' title='bbox 795 1709 817 1776; x_wconf 95' lang='lat' dir='ltr'>y</span> <span class='ocrx_word' id='word_1_166' title='bbox 843 1707 909 1780; x_wconf 91' lang='lat' dir='ltr'>que</span> <span class='ocrx_word' id='word_1_167' title='bbox 936 1683 996 1756; x_wconf 82' lang='lat' dir='ltr'>lrai</span> <span class='ocrx_word' id='word_1_168' title='bbox 1024 1708 1095 1756; x_wconf 82' lang='lat' dir='ltr'>una</span> <span class='ocrx_word' id='word_1_169' title='bbox 1121 1685 1384 1779; x_wconf 82' lang='lat' dir='ltr'>congregacion</span> <span class='ocrx_word' id='word_1_170' title='bbox 1410 1683 1455 1756; x_wconf 90' lang='lat' dir='ltr'>de</span> <span class='ocrx_word' id='word_1_171' title='bbox 1481 1705 1587 1780; x_wconf 84' lang='lat' dir='ltr'>gente</span> <span class='ocrx_word' id='word_1_172' title='bbox 1613 1680 1726 1780; x_wconf 85' lang='lat' dir='ltr'>quesc</span> 
     </span>
     <span class='ocr_line' id='line_1_15' title="bbox 193 1780 1731 1880; baseline 0.001 -24"><span class='ocrx_word' id='word_1_173' title='bbox 193 1780 308 1874; x_wconf 85' lang='lat' dir='ltr'>salva,</span> <span class='ocrx_word' id='word_1_174' title='bbox 338 1780 365 1855; x_wconf 85' lang='lat' dir='ltr'>st</span> <span class='ocrx_word' id='word_1_175' title='bbox 394 1786 469 1859; x_wconf 90' lang='lat' dir='ltr'>vive</span> <span class='ocrx_word' id='word_1_176' title='bbox 496 1786 599 1873; x_wconf 85' lang='lat' dir='ltr'><strong>bien,</strong></span> <span class='ocrx_word' id='word_1_177' title='bbox 627 1809 693 1880; x_wconf 91' lang='lat' dir='ltr'>que</span> <span class='ocrx_word' id='word_1_178' title='bbox 720 1809 755 1857; x_wconf 90' lang='lat' dir='ltr'>es</span> <span class='ocrx_word' id='word_1_179' title='bbox 781 1808 877 1860; x_wconf 87' lang='lat' dir='ltr'>creet</span> <span class='ocrx_word' id='word_1_180' title='bbox 902 1787 938 1860; x_wconf 89' lang='lat' dir='ltr'>la</span> <span class='ocrx_word' id='word_1_181' title='bbox 965 1781 1115 1880; x_wconf 87' lang='lat' dir='ltr'>Iglelia,</span> <span class='ocrx_word' id='word_1_182' title='bbox 1141 1810 1164 1877; x_wconf 95' lang='lat' dir='ltr'>y</span> <span class='ocrx_word' id='word_1_183' title='bbox 1189 1808 1235 1858; x_wconf 91' lang='lat' dir='ltr'>en</span> <span class='ocrx_word' id='word_1_184' title='bbox 1259 1782 1299 1858; x_wconf 91' lang='lat' dir='ltr'>su</span> <span class='ocrx_word' id='word_1_185' title='bbox 1326 1809 1473 1861; x_wconf 85' lang='lat' dir='ltr'>manera</span> <span class='ocrx_word' id='word_1_186' title='bbox 1500 1808 1606 1858; x_wconf 92' lang='lat' dir='ltr'>creeu</span> <span class='ocrx_word' id='word_1_187' title='bbox 1632 1787 1666 1857; x_wconf 88' lang='lat' dir='ltr'>la</span> <span class='ocrx_word' id='word_1_188' title='bbox 1677 1805 1731 1858; x_wconf 88' lang='lat' dir='ltr'>re·</span> 
     </span>
     <span class='ocr_line' id='line_1_16' title="bbox 191 1881 1736 1981; baseline -0.001 -23"><span class='ocrx_word' id='word_1_189' title='bbox 191 1883 412 1958; x_wconf 83' lang='lat' dir='ltr'>surrcccion:</span> <span class='ocrx_word' id='word_1_190' title='bbox 440 1911 462 1977; x_wconf 90' lang='lat' dir='ltr'>y</span> <span class='ocrx_word' id='word_1_191' title='bbox 489 1884 515 1959; x_wconf 85' lang='lat' dir='ltr'>st</span> <span class='ocrx_word' id='word_1_192' title='bbox 541 1884 605 1958; x_wconf 89' lang='lat' dir='ltr'>son</span> <span class='ocrx_word' id='word_1_193' title='bbox 630 1909 775 1980; x_wconf 76' lang='lat' dir='ltr'>capaces</span> <span class='ocrx_word' id='word_1_194' title='bbox 801 1939 812 1976; x_wconf 98' lang='lat'>,</span> <span class='ocrx_word' id='word_1_195' title='bbox 842 1885 876 1958; x_wconf 92' lang='lat' dir='ltr'>se</span> <span class='ocrx_word' id='word_1_196' title='bbox 904 1890 952 1956; x_wconf 85' lang='lat' dir='ltr'>les</span> <span class='ocrx_word' id='word_1_197' title='bbox 978 1885 1089 1981; x_wconf 88' lang='lat' dir='ltr'>puede</span> <span class='ocrx_word' id='word_1_198' title='bbox 1114 1881 1262 1960; x_wconf 84' lang='lat' dir='ltr'>enser&#39;tat</span> <span class='ocrx_word' id='word_1_199' title='bbox 1299 1911 1402 1960; x_wconf 83' lang='lat' dir='ltr'>mas.</span> <span class='ocrx_word' id='word_1_200' title='bbox 1427 1886 1463 1962; x_wconf 89' lang='lat' dir='ltr'>S.</span> <span class='ocrx_word' id='word_1_201' title='bbox 1503 1885 1625 1964; x_wconf 86' lang='lat' dir='ltr'>Coruo</span> <span class='ocrx_word' id='word_1_202' title='bbox 1664 1884 1736 1957; x_wconf 84' lang='lat' dir='ltr'>vie·</span> 
     </span>
     <span class='ocr_line' id='line_1_17' title="bbox 192 1983 1737 2084; baseline -0.001 -26"><span class='ocrx_word' id='word_1_203' title='bbox 192 2008 261 2060; x_wconf 81' lang='lat' dir='ltr'>nen</span> <span class='ocrx_word' id='word_1_204' title='bbox 287 2010 309 2058; x_wconf 86' lang='lat' dir='ltr'>a</span> <span class='ocrx_word' id='word_1_205' title='bbox 335 1983 507 2060; x_wconf 80' lang='lat' dir='ltr'>confellat</span> <span class='ocrx_word' id='word_1_206' title='bbox 531 1985 585 2060; x_wconf 86' lang='lat' dir='ltr'>sus</span> <span class='ocrx_word' id='word_1_207' title='bbox 612 1987 780 2080; x_wconf 88' lang='lat' dir='ltr'>peccados</span> <span class='ocrx_word' id='word_1_208' title='bbox 808 2012 893 2084; x_wconf 86' lang='lat' dir='ltr'>para</span> <span class='ocrx_word' id='word_1_209' title='bbox 913 2009 981 2081; x_wconf 92' lang='lat' dir='ltr'>que</span> <span class='ocrx_word' id='word_1_210' title='bbox 1006 1984 1040 2058; x_wconf 89' lang='lat' dir='ltr'>sc</span> <span class='ocrx_word' id='word_1_211' title='bbox 1063 1989 1111 2060; x_wconf 84' lang='lat' dir='ltr'>les</span> <span class='ocrx_word' id='word_1_212' title='bbox 1138 1992 1336 2082; x_wconf 85' lang='lat' dir='ltr'>perdonen.</span> <span class='ocrx_word' id='word_1_213' title='bbox 1363 2013 1386 2081; x_wconf 89' lang='lat' dir='ltr'>y</span> <span class='ocrx_word' id='word_1_214' title='bbox 1412 1984 1483 2063; x_wconf 78' lang='lat' dir='ltr'>ello</span> <span class='ocrx_word' id='word_1_215' title='bbox 1509 2011 1544 2062; x_wconf 86' lang='lat' dir='ltr'>es</span> <span class='ocrx_word' id='word_1_216' title='bbox 1570 2009 1666 2077; x_wconf 89' lang='lat' dir='ltr'>creet</span> <span class='ocrx_word' id='word_1_217' title='bbox 1700 1985 1737 2072; x_wconf 77' lang='lat' dir='ltr'>el</span> 
     </span>
     <span class='ocr_line' id='line_1_18' title="bbox 193 2085 1737 2188; baseline -0.001 -27"><span class='ocrx_word' id='word_1_218' title='bbox 193 2088 347 2162; x_wconf 84' lang='lat' dir='ltr'>articulo</span> <span class='ocrx_word' id='word_1_219' title='bbox 370 2089 416 2162; x_wconf 87' lang='lat' dir='ltr'>de</span> <span class='ocrx_word' id='word_1_220' title='bbox 442 2089 477 2162; x_wconf 87' lang='lat' dir='ltr'>la</span> <span class='ocrx_word' id='word_1_221' title='bbox 503 2085 682 2162; x_wconf 79' lang='lat' dir='ltr'>remillion</span> <span class='ocrx_word' id='word_1_222' title='bbox 709 2088 751 2162; x_wconf 89' lang='lat' dir='ltr'>de</span> <span class='ocrx_word' id='word_1_223' title='bbox 777 2090 830 2161; x_wconf 91' lang='lat' dir='ltr'>los</span> <span class='ocrx_word' id='word_1_224' title='bbox 856 2089 1048 2185; x_wconf 87' lang='lat' dir='ltr'>peccados.</span> <span class='ocrx_word' id='word_1_225' title='bbox 1076 2086 1336 2184; x_wconf 87' lang='lat' dir='ltr'>Preguntalles:</span> <span class='ocrx_word' id='word_1_226' title='bbox 1367 2090 1508 2188; x_wconf 87' lang='lat' dir='ltr'>Aquicn</span> <span class='ocrx_word' id='word_1_227' title='bbox 1535 2087 1737 2163; x_wconf 84' lang='lat' dir='ltr'>adoraneu</span> 
     </span>
     <span class='ocr_line' id='line_1_19' title="bbox 193 2186 1794 2286; baseline -0.002 -25"><span class='ocrx_word' id='word_1_228' title='bbox 193 2190 229 2261; x_wconf 85' lang='lat' dir='ltr'>la</span> <span class='ocrx_word' id='word_1_229' title='bbox 250 2188 397 2280; x_wconf 81' lang='lat' dir='ltr'>hostia,</span> <span class='ocrx_word' id='word_1_230' title='bbox 423 2190 565 2286; x_wconf 78' lang='lat' dir='ltr'>quando</span> <span class='ocrx_word' id='word_1_231' title='bbox 591 2191 666 2263; x_wconf 85' lang='lat' dir='ltr'>alza</span> <span class='ocrx_word' id='word_1_232' title='bbox 692 2191 725 2263; x_wconf 91' lang='lat' dir='ltr'>el</span> <span class='ocrx_word' id='word_1_233' title='bbox 751 2188 961 2264; x_wconf 78' lang='lat' dir='ltr'>sacerdote?</span> <span class='ocrx_word' id='word_1_234' title='bbox 1000 2214 1022 2281; x_wconf 95' lang='lat' dir='ltr'>y</span> <span class='ocrx_word' id='word_1_235' title='bbox 1057 2186 1203 2262; x_wconf 86' lang='lat' dir='ltr'>decirles</span> <span class='ocrx_word' id='word_1_236' title='bbox 1240 2190 1357 2286; x_wconf 69' lang='lat' dir='ltr'>quei</span> <span class='ocrx_word' id='word_1_237' title='bbox 1394 2187 1477 2284; x_wconf 87' lang='lat' dir='ltr'>Jesu</span> <span class='ocrx_word' id='word_1_238' title='bbox 1503 2187 1672 2264; x_wconf 86' lang='lat' dir='ltr'>Christo:</span> <span class='ocrx_word' id='word_1_239' title='bbox 1712 2210 1736 2282; x_wconf 88' lang='lat' dir='ltr'>y</span> <span class='ocrx_word' id='word_1_240' title='bbox 1789 2190 1794 2204; x_wconf 92' lang='lat'>&#39;</span> 
     </span>
     <span class='ocr_line' id='line_1_20' title="bbox 193 2287 1735 2388; baseline -0.001 -25"><span class='ocrx_word' id='word_1_241' title='bbox 193 2287 268 2365; x_wconf 82' lang='lat' dir='ltr'>esto</span> <span class='ocrx_word' id='word_1_242' title='bbox 292 2288 388 2365; x_wconf 87' lang='lat' dir='ltr'>basta</span> <span class='ocrx_word' id='word_1_243' title='bbox 415 2315 481 2387; x_wconf 91' lang='lat' dir='ltr'>que</span> <span class='ocrx_word' id='word_1_244' title='bbox 507 2291 613 2388; x_wconf 81' lang='lat' dir='ltr'>sepau</span> <span class='ocrx_word' id='word_1_245' title='bbox 638 2291 695 2363; x_wconf 91' lang='lat' dir='ltr'>del</span> <span class='ocrx_word' id='word_1_246' title='bbox 720 2289 878 2362; x_wconf 81' lang='lat' dir='ltr'>misterio</span> <span class='ocrx_word' id='word_1_247' title='bbox 902 2290 991 2364; x_wconf 86' lang='lat' dir='ltr'>dela</span> <span class='ocrx_word' id='word_1_248' title='bbox 1017 2289 1248 2364; x_wconf 87' lang='lat' dir='ltr'>eucharistia.</span> <span class='ocrx_word' id='word_1_249' title='bbox 1278 2291 1322 2364; x_wconf 86' lang='lat' dir='ltr'>El</span> <span class='ocrx_word' id='word_1_250' title='bbox 1333 2289 1489 2364; x_wconf 88' lang='lat' dir='ltr'>misterio</span> <span class='ocrx_word' id='word_1_251' title='bbox 1514 2290 1559 2364; x_wconf 89' lang='lat' dir='ltr'>de</span> <span class='ocrx_word' id='word_1_252' title='bbox 1582 2293 1616 2362; x_wconf 92' lang='lat' dir='ltr'>la</span> <span class='ocrx_word' id='word_1_253' title='bbox 1637 2313 1735 2373; x_wconf 81' lang='lat' dir='ltr'>com·</span> 
     </span>
     <span class='ocr_line' id='line_1_21' title="bbox 197 2388 1736 2491; baseline 0.002 -27"><span class='ocrx_word' id='word_1_254' title='bbox 197 2393 346 2465; x_wconf 89' lang='lat' dir='ltr'>muniou</span> <span class='ocrx_word' id='word_1_255' title='bbox 372 2393 417 2464; x_wconf 94' lang='lat' dir='ltr'>de</span> <span class='ocrx_word' id='word_1_256' title='bbox 444 2397 497 2465; x_wconf 91' lang='lat' dir='ltr'>los</span> <span class='ocrx_word' id='word_1_257' title='bbox 523 2389 642 2465; x_wconf 87' lang='lat' dir='ltr'>santos</span> <span class='ocrx_word' id='word_1_258' title='bbox 668 2416 718 2463; x_wconf 89' lang='lat' dir='ltr'>no</span> <span class='ocrx_word' id='word_1_259' title='bbox 744 2391 863 2464; x_wconf 89' lang='lat' dir='ltr'>tienen</span> <span class='ocrx_word' id='word_1_260' title='bbox 889 2390 1091 2484; x_wconf 89' lang='lat' dir='ltr'>obligacion</span> <span class='ocrx_word' id='word_1_261' title='bbox 1118 2393 1139 2465; x_wconf 82' lang='lat' dir='ltr'>a</span> <span class='ocrx_word' id='word_1_262' title='bbox 1175 2388 1334 2482; x_wconf 88' lang='lat' dir='ltr'>saberlo,</span> <span class='ocrx_word' id='word_1_263' title='bbox 1369 2417 1433 2491; x_wconf 89' lang='lat' dir='ltr'>por</span> <span class='ocrx_word' id='word_1_264' title='bbox 1466 2389 1505 2467; x_wconf 87' lang='lat' dir='ltr'>su</span> <span class='ocrx_word' id='word_1_265' title='bbox 1537 2388 1736 2467; x_wconf 81' lang='lat' dir='ltr'>difficulrad</span> 
     </span>
     <span class='ocr_line' id='line_1_22' title="bbox 197 2491 1735 2591; baseline -0.005 -25"><span class='ocrx_word' id='word_1_266' title='bbox 197 2517 220 2586; x_wconf 92' lang='lat' dir='ltr'>y</span> <span class='ocrx_word' id='word_1_267' title='bbox 244 2517 295 2566; x_wconf 86' lang='lat' dir='ltr'>rto</span> <span class='ocrx_word' id='word_1_268' title='bbox 317 2491 370 2566; x_wconf 86' lang='lat' dir='ltr'>ser</span> <span class='ocrx_word' id='word_1_269' title='bbox 395 2494 439 2567; x_wconf 93' lang='lat' dir='ltr'>de</span> <span class='ocrx_word' id='word_1_270' title='bbox 465 2498 516 2566; x_wconf 88' lang='lat' dir='ltr'>los</span> <span class='ocrx_word' id='word_1_271' title='bbox 541 2516 607 2591; x_wconf 88' lang='lat' dir='ltr'>que</span> <span class='ocrx_word' id='word_1_272' title='bbox 633 2494 768 2566; x_wconf 87' lang='lat' dir='ltr'>celebra</span> <span class='ocrx_word' id='word_1_273' title='bbox 793 2495 827 2564; x_wconf 83' lang='lat' dir='ltr'>la</span> <span class='ocrx_word' id='word_1_274' title='bbox 854 2493 1006 2589; x_wconf 77' lang='lat' dir='ltr'>Iuglessa.</span> <span class='ocrx_word' id='word_1_275' title='bbox 1733 2525 1735 2529; x_wconf 55' lang='lat'>&gt;</span> 
     </span>
     <span class='ocr_line' id='line_1_23' title="bbox 300 2591 1735 2694; baseline 0.003 -28"><span class='ocrx_word' id='word_1_276' title='bbox 300 2591 386 2667; x_wconf 86' lang='lat' dir='ltr'>Haec</span> <span class='ocrx_word' id='word_1_277' title='bbox 415 2595 557 2668; x_wconf 88' lang='lat' dir='ltr'>Author</span> <span class='ocrx_word' id='word_1_278' title='bbox 594 2595 781 2682; x_wconf 85' lang='lat' dir='ltr'>laudatus,</span> <span class='ocrx_word' id='word_1_279' title='bbox 818 2594 854 2665; x_wconf 88' lang='lat' dir='ltr'>in</span> <span class='ocrx_word' id='word_1_280' title='bbox 890 2593 1013 2689; x_wconf 88' lang='lat' dir='ltr'>quibus</span> <span class='ocrx_word' id='word_1_281' title='bbox 1049 2591 1231 2687; x_wconf 83' lang='lat' dir='ltr'>desidero,</span> <span class='ocrx_word' id='word_1_282' title='bbox 1270 2621 1344 2670; x_wconf 90' lang='lat' dir='ltr'>non</span> <span class='ocrx_word' id='word_1_283' title='bbox 1381 2596 1525 2694; x_wconf 90' lang='lat' dir='ltr'>quidem</span> <span class='ocrx_word' id='word_1_284' title='bbox 1559 2595 1735 2670; x_wconf 83' lang='lat' dir='ltr'>notitiam</span> 
     </span>
     <span class='ocr_line' id='line_1_24' title="bbox 195 2685 1736 2793; baseline 0.001 -26"><span class='ocrx_word' id='word_1_285' title='bbox 195 2685 324 2768; x_wconf 71' lang='lat' dir='ltr'>schole</span> <span class='ocrx_word' id='word_1_286' title='bbox 348 2698 527 2793; x_wconf 82' lang='lat' dir='ltr'>propriam</span> <span class='ocrx_word' id='word_1_287' title='bbox 552 2695 597 2769; x_wconf 92' lang='lat' dir='ltr'>de</span> <span class='ocrx_word' id='word_1_288' title='bbox 622 2693 703 2769; x_wconf 83' lang='lat' dir='ltr'>fidei</span> <span class='ocrx_word' id='word_1_289' title='bbox 730 2694 1086 2791; x_wconf 65' lang='lat' dir='ltr'>supernaturalium,</span> <span class='ocrx_word' id='word_1_290' title='bbox 1112 2693 1170 2769; x_wconf 86' lang='lat' dir='ltr'>sed</span> <span class='ocrx_word' id='word_1_291' title='bbox 1195 2696 1368 2784; x_wconf 86' lang='lat' dir='ltr'>majorem</span> <span class='ocrx_word' id='word_1_292' title='bbox 1392 2696 1643 2792; x_wconf 82' lang='lat' dir='ltr'>exprellionem</span> <span class='ocrx_word' id='word_1_293' title='bbox 1656 2720 1736 2769; x_wconf 91' lang='lat' dir='ltr'>mo·</span> 
     </span>
     <span class='ocr_line' id='line_1_25' title="bbox 196 2793 1733 2893; baseline 0.001 -25"><span class='ocrx_word' id='word_1_294' title='bbox 196 2796 265 2871; x_wconf 83' lang='lat' dir='ltr'>tiri</span> <span class='ocrx_word' id='word_1_295' title='bbox 290 2799 335 2870; x_wconf 91' lang='lat' dir='ltr'>ad</span> <span class='ocrx_word' id='word_1_296' title='bbox 358 2797 574 2871; x_wconf 90' lang='lat' dir='ltr'>credendum</span> <span class='ocrx_word' id='word_1_297' title='bbox 599 2793 667 2869; x_wconf 86' lang='lat' dir='ltr'>fide</span> <span class='ocrx_word' id='word_1_298' title='bbox 693 2793 1025 2893; x_wconf 83' lang='lat' dir='ltr'>supernaturali,ne</span> <span class='ocrx_word' id='word_1_299' title='bbox 1053 2799 1194 2870; x_wconf 84' lang='lat' dir='ltr'>tantum</span> <span class='ocrx_word' id='word_1_300' title='bbox 1218 2797 1354 2873; x_wconf 89' lang='lat' dir='ltr'>barbari</span> <span class='ocrx_word' id='word_1_301' title='bbox 1381 2797 1543 2892; x_wconf 86' lang='lat' dir='ltr'>mysteria</span> <span class='ocrx_word' id='word_1_302' title='bbox 1565 2799 1733 2890; x_wconf 86' lang='lat' dir='ltr'>credant,</span> 
     </span>
     <span class='ocr_line' id='line_1_26' title="bbox 199 2894 1738 2996; baseline 0.003 -23"><span class='ocrx_word' id='word_1_303' title='bbox 199 2915 236 2973; x_wconf 87' lang='lat' dir='ltr'>ut</span> <span class='ocrx_word' id='word_1_304' title='bbox 259 2897 452 2972; x_wconf 84' lang='lat' dir='ltr'>hominum</span> <span class='ocrx_word' id='word_1_305' title='bbox 475 2901 590 2973; x_wconf 78' lang='lat' dir='ltr'>arua:</span> <span class='ocrx_word' id='word_1_306' title='bbox 617 2922 821 2995; x_wconf 88' lang='lat' dir='ltr'>quanquam</span> <span class='ocrx_word' id='word_1_307' title='bbox 844 2897 916 2969; x_wconf 89' lang='lat' dir='ltr'>dici</span> <span class='ocrx_word' id='word_1_308' title='bbox 943 2894 1074 2993; x_wconf 88' lang='lat' dir='ltr'>potest,</span> <span class='ocrx_word' id='word_1_309' title='bbox 1104 2899 1139 2970; x_wconf 90' lang='lat' dir='ltr'>id</span> <span class='ocrx_word' id='word_1_310' title='bbox 1165 2924 1237 2973; x_wconf 92' lang='lat' dir='ltr'>uon</span> <span class='ocrx_word' id='word_1_311' title='bbox 1265 2900 1437 2996; x_wconf 86' lang='lat' dir='ltr'>pertinere</span> <span class='ocrx_word' id='word_1_312' title='bbox 1464 2901 1511 2974; x_wconf 90' lang='lat' dir='ltr'>ad</span> <span class='ocrx_word' id='word_1_313' title='bbox 1547 2899 1738 2977; x_wconf 82' lang='lat' dir='ltr'>materiam</span> 
     </span>
     <span class='ocr_line' id='line_1_27' title="bbox 201 2994 1738 3086; baseline 0.003 -16"><span class='ocrx_word' id='word_1_314' title='bbox 201 2994 444 3086; x_wconf 74' lang='lat' dir='ltr'>sciendorum„</span> <span class='ocrx_word' id='word_1_315' title='bbox 471 2996 530 3071; x_wconf 85' lang='lat' dir='ltr'>sed</span> <span class='ocrx_word' id='word_1_316' title='bbox 557 2999 602 3070; x_wconf 90' lang='lat' dir='ltr'>ad</span> <span class='ocrx_word' id='word_1_317' title='bbox 627 2996 758 3071; x_wconf 89' lang='lat' dir='ltr'>sciendi</span> <span class='ocrx_word' id='word_1_318' title='bbox 783 2999 955 3071; x_wconf 90' lang='lat' dir='ltr'>modum.</span> <span class='ocrx_word' id='word_1_319' title='bbox 982 2995 1137 3071; x_wconf 86' lang='lat' dir='ltr'>Pertinet</span> <span class='ocrx_word' id='word_1_320' title='bbox 1167 3001 1262 3075; x_wconf 73' lang='lat' dir='ltr'>certe</span> <span class='ocrx_word' id='word_1_321' title='bbox 1288 3003 1333 3073; x_wconf 89' lang='lat' dir='ltr'>ad</span> <span class='ocrx_word' id='word_1_322' title='bbox 1359 3000 1620 3076; x_wconf 87' lang='lat' dir='ltr'>catechismum</span> <span class='ocrx_word' id='word_1_323' title='bbox 1654 3021 1738 3075; x_wconf 82' lang='lat' dir='ltr'>tum</span> 
     </span>
     <span class='ocr_line' id='line_1_28' title="bbox 203 3095 1738 3197; baseline 0.005 -25"><span class='ocrx_word' id='word_1_324' title='bbox 203 3097 493 3196; x_wconf 79' lang='lat' dir='ltr'>baptizandorum</span> <span class='ocrx_word' id='word_1_325' title='bbox 520 3151 531 3185; x_wconf 97' lang='lat'>,</span> <span class='ocrx_word' id='word_1_326' title='bbox 559 3118 635 3171; x_wconf 91' lang='lat' dir='ltr'>tum</span> <span class='ocrx_word' id='word_1_327' title='bbox 662 3100 935 3192; x_wconf 79' lang='lat' dir='ltr'>poenitentium.</span> <span class='ocrx_word' id='word_1_328' title='bbox 964 3095 1262 3174; x_wconf 84' lang='lat' dir='ltr'>Defideroetiam</span> <span class='ocrx_word' id='word_1_329' title='bbox 1286 3103 1460 3190; x_wconf 85' lang='lat' dir='ltr'>majorem</span> <span class='ocrx_word' id='word_1_330' title='bbox 1483 3101 1738 3197; x_wconf 82' lang='lat' dir='ltr'>exprellionem</span> 
     </span>
     <span class='ocr_line' id='line_1_29' title="bbox 204 3198 1737 3298; baseline -0.001 -23"><span class='ocrx_word' id='word_1_331' title='bbox 204 3200 404 3275; x_wconf 74' lang='lat' dir='ltr'>eternitatis</span> <span class='ocrx_word' id='word_1_332' title='bbox 441 3199 669 3293; x_wconf 80' lang='lat' dir='ltr'>praemiorum</span> <span class='ocrx_word' id='word_1_333' title='bbox 705 3205 741 3274; x_wconf 74' lang='grc' dir='ltr'>ὃ(</span> <span class='ocrx_word' id='word_1_334' title='bbox 766 3212 980 3294; x_wconf 74' lang='lat' dir='ltr'>plenarum,</span> <span class='ocrx_word' id='word_1_335' title='bbox 1007 3217 1127 3294; x_wconf 78' lang='lat' dir='ltr'>praeter</span> <span class='ocrx_word' id='word_1_336' title='bbox 1166 3201 1335 3273; x_wconf 88' lang='lat' dir='ltr'>notitiam</span> <span class='ocrx_word' id='word_1_337' title='bbox 1372 3224 1481 3298; x_wconf 70' lang='lat' dir='ltr'>prece</span> <span class='ocrx_word' id='word_1_338' title='bbox 1507 3223 1649 3293; x_wconf 90' lang='lat' dir='ltr'>torum,</span> <span class='ocrx_word' id='word_1_339' title='bbox 1683 3198 1737 3275; x_wconf 89' lang='lat' dir='ltr'>sa-</span> 
     </span>
     <span class='ocr_line' id='line_1_30' title="bbox 206 3227 1739 3398; baseline 0.003 -25"><span class='ocrx_word' id='word_1_340' title='bbox 206 3320 485 3391; x_wconf 80' lang='lat' dir='ltr'>cramentorum,</span> <span class='ocrx_word' id='word_1_341' title='bbox 513 3305 548 3374; x_wconf 73' lang='grc' dir='ltr'>ὅ(</span> <span class='ocrx_word' id='word_1_342' title='bbox 574 3296 785 3372; x_wconf 76' lang='lat' dir='ltr'>necessitatis</span> <span class='ocrx_word' id='word_1_343' title='bbox 812 3299 938 3370; x_wconf 88' lang='lat' dir='ltr'>orandi</span> <span class='ocrx_word' id='word_1_344' title='bbox 967 3320 1228 3394; x_wconf 87' lang='lat' dir='ltr'>opportunam.</span> <span class='ocrx_word' id='word_1_345' title='bbox 1254 3300 1303 3376; x_wconf 89' lang='lat' dir='ltr'>Et</span> <span class='ocrx_word' id='word_1_346' title='bbox 1327 3304 1446 3398; x_wconf 88' lang='lat' dir='ltr'>quoad</span> <span class='ocrx_word' id='word_1_347' title='bbox 1472 3227 1577 3377; x_wconf 67' lang='lat' dir='ltr'>iidem</span> <span class='ocrx_word' id='word_1_348' title='bbox 1604 3299 1739 3396; x_wconf 80' lang='lat' dir='ltr'>myste-</span> 
     </span>
     <span class='ocr_line' id='line_1_31' title="bbox 206 3396 1737 3501; baseline 0.002 -24"><span class='ocrx_word' id='word_1_349' title='bbox 206 3403 326 3478; x_wconf 74' lang='lat' dir='ltr'>diss.</span> <span class='ocrx_word' id='word_1_350' title='bbox 355 3401 546 3476; x_wconf 87' lang='lat' dir='ltr'>Trinitatis</span> <span class='ocrx_word' id='word_1_351' title='bbox 574 3397 758 3473; x_wconf 86' lang='lat' dir='ltr'>nonsatis</span> <span class='ocrx_word' id='word_1_352' title='bbox 785 3396 832 3471; x_wconf 89' lang='lat' dir='ltr'>est</span> <span class='ocrx_word' id='word_1_353' title='bbox 861 3398 950 3472; x_wconf 92' lang='lat' dir='ltr'>illud</span> <span class='ocrx_word' id='word_1_354' title='bbox 975 3400 1142 3489; x_wconf 87' lang='lat' dir='ltr'>credere,</span> <span class='ocrx_word' id='word_1_355' title='bbox 1167 3423 1208 3477; x_wconf 91' lang='lat' dir='ltr'>ut</span> <span class='ocrx_word' id='word_1_356' title='bbox 1233 3403 1276 3476; x_wconf 89' lang='lat' dir='ltr'>ab</span> <span class='ocrx_word' id='word_1_357' title='bbox 1303 3400 1413 3477; x_wconf 88' lang='lat' dir='ltr'>idiota</span> <span class='ocrx_word' id='word_1_358' title='bbox 1451 3404 1605 3477; x_wconf 87' lang='lat' dir='ltr'>creditur</span> <span class='ocrx_word' id='word_1_359' title='bbox 1642 3400 1737 3501; x_wconf 85' lang='lat' dir='ltr'>quod</span> 
     </span>
     <span class='ocr_line' id='line_1_32' title="bbox 206 3496 1682 3602; baseline -0.003 -21"><span class='ocrx_word' id='word_1_360' title='bbox 206 3506 400 3581; x_wconf 85' lang='lat' dir='ltr'>continetur</span> <span class='ocrx_word' id='word_1_361' title='bbox 426 3502 464 3575; x_wconf 89' lang='lat' dir='ltr'>in</span> <span class='ocrx_word' id='word_1_362' title='bbox 490 3501 636 3594; x_wconf 87' lang='lat' dir='ltr'>Bibliis,</span> <span class='ocrx_word' id='word_1_363' title='bbox 661 3498 721 3574; x_wconf 89' lang='lat' dir='ltr'>sed</span> <span class='ocrx_word' id='word_1_364' title='bbox 746 3523 833 3595; x_wconf 90' lang='lat' dir='ltr'>opus</span> <span class='ocrx_word' id='word_1_365' title='bbox 857 3498 907 3573; x_wconf 81' lang='lat' dir='ltr'>cll</span> <span class='ocrx_word' id='word_1_366' title='bbox 932 3496 1002 3573; x_wconf 87' lang='lat' dir='ltr'>fide</span> <span class='ocrx_word' id='word_1_367' title='bbox 1028 3501 1193 3596; x_wconf 87' lang='lat' dir='ltr'>explicita</span> <span class='ocrx_word' id='word_1_368' title='bbox 1218 3505 1339 3600; x_wconf 90' lang='lat' dir='ltr'>quoad</span> <span class='ocrx_word' id='word_1_369' title='bbox 1363 3505 1436 3594; x_wconf 86' lang='lat' dir='ltr'>ejus</span> <span class='ocrx_word' id='word_1_370' title='bbox 1460 3500 1535 3579; x_wconf 89' lang='lat' dir='ltr'>fieri</span> <span class='ocrx_word' id='word_1_371' title='bbox 1564 3502 1682 3602; x_wconf 84' lang='lat' dir='ltr'>pollit.</span> 
     </span>
     <span class='ocr_line' id='line_1_33' title="bbox 298 3599 1739 3704; baseline 0.003 -27"><span class='ocrx_word' id='word_1_372' title='bbox 298 3600 461 3700; x_wconf 76' lang='lat' dir='ltr'>Qidaau</span> <span class='ocrx_word' id='word_1_373' title='bbox 497 3603 687 3681; x_wconf 80' lang='lat' dir='ltr'>Societatis</span> <span class='ocrx_word' id='word_1_374' title='bbox 723 3599 957 3677; x_wconf 85' lang='lat' dir='ltr'>miffionarius</span> <span class='ocrx_word' id='word_1_375' title='bbox 994 3601 1156 3694; x_wconf 87' lang='lat' dir='ltr'>Gallus,</span> <span class='ocrx_word' id='word_1_376' title='bbox 1192 3631 1298 3704; x_wconf 87' lang='lat' dir='ltr'>quem</span> <span class='ocrx_word' id='word_1_377' title='bbox 1335 3607 1488 3704; x_wconf 81' lang='lat' dir='ltr'>appellat</span> <span class='ocrx_word' id='word_1_378' title='bbox 1521 3606 1739 3685; x_wconf 79' lang='lat' dir='ltr'>Charlevoix</span> 
     </span>
     <span class='ocr_line' id='line_1_34' title="bbox 203 3703 1740 3806; baseline 0.003 -24"><span class='ocrx_word' id='word_1_379' title='bbox 203 3711 275 3796; x_wconf 76' lang='lat' dir='ltr'>(a)</span> <span class='ocrx_word' id='word_1_380' title='bbox 298 3704 488 3796; x_wconf 85' lang='lat' dir='ltr'>censebat,</span> <span class='ocrx_word' id='word_1_381' title='bbox 513 3703 856 3800; x_wconf 79' lang='lat' dir='ltr'>AEthiopesadultos</span> <span class='ocrx_word' id='word_1_382' title='bbox 883 3703 1001 3779; x_wconf 71' lang='lat' dir='ltr'>recens</span> <span class='ocrx_word' id='word_1_383' title='bbox 1028 3704 1188 3780; x_wconf 73' lang='lat' dir='ltr'>advestos</span> <span class='ocrx_word' id='word_1_384' title='bbox 1212 3732 1255 3781; x_wconf 86' lang='lat' dir='ltr'>ex</span> <span class='ocrx_word' id='word_1_385' title='bbox 1280 3704 1401 3783; x_wconf 86' lang='lat' dir='ltr'>Africa</span> <span class='ocrx_word' id='word_1_386' title='bbox 1429 3710 1467 3781; x_wconf 90' lang='lat' dir='ltr'>in</span> <span class='ocrx_word' id='word_1_387' title='bbox 1491 3707 1740 3806; x_wconf 87' lang='lat' dir='ltr'>Hispaniolam</span> 
     </span>
     <span class='ocr_line' id='line_1_35' title="bbox 206 3803 1741 3906; baseline 0.001 -20"><span class='ocrx_word' id='word_1_388' title='bbox 206 3810 258 3887; x_wconf 76' lang='lat' dir='ltr'>aix</span> <span class='ocrx_word' id='word_1_389' title='bbox 282 3806 352 3886; x_wconf 75' lang='lat' dir='ltr'>elle</span> <span class='ocrx_word' id='word_1_390' title='bbox 377 3803 546 3905; x_wconf 86' lang='lat' dir='ltr'>baptismi</span> <span class='ocrx_word' id='word_1_391' title='bbox 585 3828 729 3902; x_wconf 83' lang='lat' dir='ltr'>capaces</span> <span class='ocrx_word' id='word_1_392' title='bbox 755 3804 829 3901; x_wconf 90' lang='lat' dir='ltr'>post</span> <span class='ocrx_word' id='word_1_393' title='bbox 865 3806 955 3878; x_wconf 89' lang='lat' dir='ltr'>duos</span> <span class='ocrx_word' id='word_1_394' title='bbox 982 3804 1211 3881; x_wconf 75' lang='lat' dir='ltr'>instructionis</span> <span class='ocrx_word' id='word_1_395' title='bbox 1246 3833 1379 3881; x_wconf 87' lang='lat' dir='ltr'>annos:</span> <span class='ocrx_word' id='word_1_396' title='bbox 1416 3832 1457 3880; x_wconf 91' lang='lat' dir='ltr'>ac</span> <span class='ocrx_word' id='word_1_397' title='bbox 1485 3830 1570 3883; x_wconf 90' lang='lat' dir='ltr'>tunc</span> <span class='ocrx_word' id='word_1_398' title='bbox 1595 3812 1741 3906; x_wconf 84' lang='lat' dir='ltr'>quidem</span> 
     </span>
     <span class='ocr_line' id='line_1_36' title="bbox 203 3904 1740 4010; baseline 0 -25"><span class='ocrx_word' id='word_1_399' title='bbox 203 3929 369 4010; x_wconf 83' lang='lat' dir='ltr'>oportere</span> <span class='ocrx_word' id='word_1_400' title='bbox 394 3932 479 3983; x_wconf 89' lang='lat' dir='ltr'>cum</span> <span class='ocrx_word' id='word_1_401' title='bbox 506 3908 575 4003; x_wconf 76' lang='lat' dir='ltr'>illis</span> <span class='ocrx_word' id='word_1_402' title='bbox 599 3933 624 3981; x_wconf 95' lang='lat' dir='ltr'>o</span> <span class='ocrx_word' id='word_1_403' title='bbox 648 3907 736 3980; x_wconf 89' lang='lat' dir='ltr'>inari</span> <span class='ocrx_word' id='word_1_404' title='bbox 761 3906 821 4001; x_wconf 94' lang='lat' dir='ltr'>qui</span> <span class='ocrx_word' id='word_1_405' title='bbox 848 3904 954 3981; x_wconf 83' lang='lat' dir='ltr'>fidem</span> <span class='ocrx_word' id='word_1_406' title='bbox 979 3908 1185 4002; x_wconf 86' lang='lat' dir='ltr'>explicitam</span> <span class='ocrx_word' id='word_1_407' title='bbox 1210 3909 1363 4002; x_wconf 90' lang='lat' dir='ltr'>mysterii</span> <span class='ocrx_word' id='word_1_408' title='bbox 1389 3907 1581 3985; x_wconf 85' lang='lat' dir='ltr'>Trinitatis</span> <span class='ocrx_word' id='word_1_409' title='bbox 1606 3911 1740 3986; x_wconf 90' lang='lat' dir='ltr'>nones·</span> 
     </span>
     <span class='ocr_line' id='line_1_37' title="bbox 201 3934 1745 4109; baseline -0.001 -22"><span class='ocrx_word' id='word_1_410' title='bbox 201 4009 235 4087; x_wconf 83' lang='lat' dir='ltr'>le</span> <span class='ocrx_word' id='word_1_411' title='bbox 259 4006 489 4090; x_wconf 68' lang='lat' dir='ltr'>necessariam</span> <span class='ocrx_word' id='word_1_412' title='bbox 514 3934 715 4086; x_wconf 67' lang='lat' dir='ltr'>necestitate</span> <span class='ocrx_word' id='word_1_413' title='bbox 740 4007 846 4082; x_wconf 90' lang='lat' dir='ltr'>medii</span> <span class='ocrx_word' id='word_1_414' title='bbox 873 4006 1113 4081; x_wconf 82' lang='lat' dir='ltr'>arbitrantur.</span> <span class='ocrx_word' id='word_1_415' title='bbox 1140 4009 1249 4083; x_wconf 87' lang='lat' dir='ltr'>Nulla</span> <span class='ocrx_word' id='word_1_416' title='bbox 1276 4010 1312 4082; x_wconf 93' lang='lat' dir='ltr'>in</span> <span class='ocrx_word' id='word_1_417' title='bbox 1337 4008 1393 4083; x_wconf 86' lang='lat' dir='ltr'>his</span> <span class='ocrx_word' id='word_1_418' title='bbox 1418 4013 1540 4103; x_wconf 81' lang='lat' dir='ltr'>regula</span> <span class='ocrx_word' id='word_1_419' title='bbox 1567 4012 1745 4109; x_wconf 80' lang='lat' dir='ltr'>generalis</span> 
     </span>
     <span class='ocr_line' id='line_1_38' title="bbox 199 4105 1741 4211; baseline 0.001 -22"><span class='ocrx_word' id='word_1_420' title='bbox 199 4111 306 4189; x_wconf 71' lang='lat' dir='ltr'>statui</span> <span class='ocrx_word' id='word_1_421' title='bbox 331 4111 467 4209; x_wconf 80' lang='lat' dir='ltr'>potest,</span> <span class='ocrx_word' id='word_1_422' title='bbox 506 4109 565 4190; x_wconf 83' lang='lat' dir='ltr'>sed</span> <span class='ocrx_word' id='word_1_423' title='bbox 591 4109 667 4209; x_wconf 87' lang='lat' dir='ltr'>poll</span> <span class='ocrx_word' id='word_1_424' title='bbox 691 4132 733 4184; x_wconf 87' lang='lat' dir='ltr'>ea</span> <span class='ocrx_word' id='word_1_425' title='bbox 757 4131 835 4204; x_wconf 78' lang='lat' dir='ltr'>qua</span> <span class='ocrx_word' id='word_1_426' title='bbox 867 4105 1053 4184; x_wconf 80' lang='lat' dir='ltr'>neccllaria</span> <span class='ocrx_word' id='word_1_427' title='bbox 1076 4106 1159 4199; x_wconf 76' lang='lat' dir='ltr'>sunt</span> <span class='ocrx_word' id='word_1_428' title='bbox 1194 4109 1394 4185; x_wconf 82' lang='lat' dir='ltr'>uccellrtate</span> <span class='ocrx_word' id='word_1_429' title='bbox 1419 4112 1552 4206; x_wconf 89' lang='lat' dir='ltr'>medii,</span> <span class='ocrx_word' id='word_1_430' title='bbox 1577 4135 1654 4211; x_wconf 85' lang='lat' dir='ltr'>rpro</span> <span class='ocrx_word' id='word_1_431' title='bbox 1679 4138 1741 4191; x_wconf 87' lang='lat' dir='ltr'>cu·</span> 
     </span>
     <span class='ocr_line' id='line_1_39' title="bbox 198 4208 1740 4311; baseline -0.007 -24"><span class='ocrx_word' id='word_1_432' title='bbox 198 4212 322 4309; x_wconf 71' lang='lat' dir='ltr'>jufiqrtc</span> <span class='ocrx_word' id='word_1_433' title='bbox 346 4214 546 4311; x_wconf 78' lang='lat' dir='ltr'>capacitate</span> <span class='ocrx_word' id='word_1_434' title='bbox 571 4211 762 4289; x_wconf 87' lang='lat' dir='ltr'>instruendi</span> <span class='ocrx_word' id='word_1_435' title='bbox 787 4208 899 4285; x_wconf 80' lang='lat' dir='ltr'>sunt:</span> <span class='ocrx_word' id='word_1_436' title='bbox 938 4211 1153 4308; x_wconf 85' lang='lat' dir='ltr'>docendique</span> <span class='ocrx_word' id='word_1_437' title='bbox 1188 4238 1263 4309; x_wconf 81' lang='lat' dir='ltr'>quac</span> <span class='ocrx_word' id='word_1_438' title='bbox 1289 4237 1364 4310; x_wconf 90' lang='lat' dir='ltr'>cap.</span> <span class='ocrx_word' id='word_1_439' title='bbox 1391 4233 1428 4308; x_wconf 89' lang='lat'>4.</span> <span class='ocrx_word' id='word_1_440' title='bbox 1456 4216 1519 4292; x_wconf 70' lang='lat' dir='ltr'>aet.</span> <span class='ocrx_word' id='word_1_441' title='bbox 1548 4237 1582 4292; x_wconf 85' lang='lat'>2.</span> <span class='ocrx_word' id='word_1_442' title='bbox 1609 4214 1740 4295; x_wconf 68' lang='lat' dir='ltr'>Conci.</span> 
     </span>
     <span class='ocr_line' id='line_1_40' title="bbox 202 4309 1741 4414; baseline 0.003 -24"><span class='ocrx_word' id='word_1_443' title='bbox 202 4315 245 4390; x_wconf 84' lang='lat' dir='ltr'>lii</span> <span class='ocrx_word' id='word_1_444' title='bbox 271 4310 419 4391; x_wconf 85' lang='lat' dir='ltr'>Limani</span> <span class='ocrx_word' id='word_1_445' title='bbox 445 4313 736 4411; x_wconf 77' lang='lat' dir='ltr'>praescribuntur,</span> <span class='ocrx_word' id='word_1_446' title='bbox 762 4313 819 4390; x_wconf 89' lang='lat' dir='ltr'>ubi</span> <span class='ocrx_word' id='word_1_447' title='bbox 857 4309 1026 4387; x_wconf 89' lang='lat' dir='ltr'>habetur:</span> <span class='ocrx_word' id='word_1_448' title='bbox 1053 4316 1140 4389; x_wconf 80' lang='lat' dir='ltr'>Cum</span> <span class='ocrx_word' id='word_1_449' title='bbox 1176 4339 1220 4390; x_wconf 85' lang='lat' dir='ltr'>ex</span> <span class='ocrx_word' id='word_1_450' title='bbox 1253 4316 1374 4389; x_wconf 83' lang='lat' dir='ltr'>divino</span> <span class='ocrx_word' id='word_1_451' title='bbox 1409 4336 1581 4414; x_wconf 71' lang='lat' dir='ltr'>pracepto</span> <span class='ocrx_word' id='word_1_452' title='bbox 1615 4341 1741 4402; x_wconf 70' lang='lat' dir='ltr'>omnes</span> 
     </span>
     <span class='ocr_line' id='line_1_41' title="bbox 201 4411 1740 4513; baseline -0.001 -18"><span class='ocrx_word' id='word_1_453' title='bbox 201 4413 389 4495; x_wconf 72' lang='lat' dir='ltr'>christiani</span> <span class='ocrx_word' id='word_1_454' title='bbox 416 4416 530 4492; x_wconf 85' lang='lat' dir='ltr'>adulti</span> <span class='ocrx_word' id='word_1_455' title='bbox 559 4435 745 4492; x_wconf 83' lang='lat' dir='ltr'>teneantur</span> <span class='ocrx_word' id='word_1_456' title='bbox 771 4414 857 4490; x_wconf 84' lang='lat' dir='ltr'>l&#39;cire</span> <span class='ocrx_word' id='word_1_457' title='bbox 885 4437 950 4509; x_wconf 91' lang='lat' dir='ltr'>pro</span> <span class='ocrx_word' id='word_1_458' title='bbox 973 4411 1036 4487; x_wconf 89' lang='lat' dir='ltr'>suo</span> <span class='ocrx_word' id='word_1_459' title='bbox 1062 4437 1167 4512; x_wconf 86' lang='lat' dir='ltr'>captu</span> <span class='ocrx_word' id='word_1_460' title='bbox 1192 4439 1268 4513; x_wconf 83' lang='lat' dir='ltr'>quac</span> <span class='ocrx_word' id='word_1_461' title='bbox 1296 4416 1342 4489; x_wconf 91' lang='lat' dir='ltr'>ad</span> <span class='ocrx_word' id='word_1_462' title='bbox 1367 4417 1548 4511; x_wconf 82' lang='lat' dir='ltr'>religionis</span> <span class='ocrx_word' id='word_1_463' title='bbox 1581 4419 1740 4506; x_wconf 81' lang='lat' dir='ltr'>christia·</span> 
     </span>
     <span class='ocr_line' id='line_1_42' title="bbox 197 4512 1741 4615; baseline 0.001 -22"><span class='ocrx_word' id='word_1_464' title='bbox 197 4540 296 4610; x_wconf 68' lang='lat' dir='ltr'>un,</span> <span class='ocrx_word' id='word_1_465' title='bbox 330 4542 440 4615; x_wconf 86' lang='lat' dir='ltr'>quam</span> <span class='ocrx_word' id='word_1_466' title='bbox 465 4512 676 4614; x_wconf 86' lang='lat' dir='ltr'>profitentur</span> <span class='ocrx_word' id='word_1_467' title='bbox 702 4570 713 4607; x_wconf 96' lang='lat'>,</span> <span class='ocrx_word' id='word_1_468' title='bbox 739 4513 968 4591; x_wconf 85' lang='lat' dir='ltr'>substantiam</span> <span class='ocrx_word' id='word_1_469' title='bbox 994 4519 1192 4609; x_wconf 89' lang='lat' dir='ltr'>pertinent,</span> <span class='ocrx_word' id='word_1_470' title='bbox 1217 4518 1335 4614; x_wconf 86' lang='lat' dir='ltr'>qualia</span> <span class='ocrx_word' id='word_1_471' title='bbox 1362 4515 1441 4592; x_wconf 84' lang='lat' dir='ltr'>suut</span> <span class='ocrx_word' id='word_1_472' title='bbox 1468 4518 1633 4612; x_wconf 83' lang='lat' dir='ltr'>mysteria</span> <span class='ocrx_word' id='word_1_473' title='bbox 1659 4518 1741 4596; x_wconf 83' lang='lat' dir='ltr'>fidei</span> 
     </span>
     <span class='ocr_line' id='line_1_43' title="bbox 197 4615 1740 4723; baseline 0.002 -30"><span class='ocrx_word' id='word_1_474' title='bbox 197 4619 408 4720; x_wconf 62' lang='lat' dir='ltr'>precipua,</span> <span class='ocrx_word' id='word_1_475' title='bbox 434 4642 511 4723; x_wconf 83' lang='lat' dir='ltr'>quac</span> <span class='ocrx_word' id='word_1_476' title='bbox 535 4618 764 4701; x_wconf 82' lang='lat' dir='ltr'>continentur</span> <span class='ocrx_word' id='word_1_477' title='bbox 790 4619 827 4694; x_wconf 89' lang='lat' dir='ltr'>in</span> <span class='ocrx_word' id='word_1_478' title='bbox 853 4615 1013 4716; x_wconf 86' lang='lat' dir='ltr'>symbolo</span> <span class='ocrx_word' id='word_1_479' title='bbox 1038 4671 1050 4713; x_wconf 79' lang='lat'>,</span> <span class='ocrx_word' id='word_1_480' title='bbox 1077 4621 1247 4702; x_wconf 86' lang='lat' dir='ltr'>mandata</span> <span class='ocrx_word' id='word_1_481' title='bbox 1274 4619 1436 4717; x_wconf 84' lang='lat' dir='ltr'>decalogi</span> <span class='ocrx_word' id='word_1_482' title='bbox 1471 4620 1635 4698; x_wconf 85' lang='lat' dir='ltr'>omnibus</span> <span class='ocrx_word' id='word_1_483' title='bbox 1670 4619 1740 4697; x_wconf 86' lang='lat' dir='ltr'>ser·</span> 
     </span>
     <span class='ocr_line' id='line_1_44' title="bbox 200 4749 1700 4798; baseline 0.001 -2"><span class='ocrx_word' id='word_1_484' title='bbox 200 4772 208 4781; x_wconf 90' lang='lat'>-</span> <span class='ocrx_word' id='word_1_485' title='bbox 1605 4749 1700 4798; x_wconf 76' lang='lat' dir='ltr'>van·</span> 
     </span>
    </p>
   </div>
   <div class='ocr_carea' id='block_1_3' title="bbox 200 4923 1746 5127">
    <p class='ocr_par' dir='ltr' id='par_1_3' title="bbox 200 4923 1746 5127">
     <span class='ocr_line' id='line_1_45' title="bbox 240 4923 1746 5049; baseline 0.002 -24"><span class='ocrx_word' id='word_1_486' title='bbox 240 4923 418 5035; x_wconf 65' lang='lat' dir='ltr'>dal&#39;cbarl.</span> <span class='ocrx_word' id='word_1_487' title='bbox 439 4969 507 5042; x_wconf 72' lang='lat' dir='ltr'>tria.</span> <span class='ocrx_word' id='word_1_488' title='bbox 527 4964 563 5029; x_wconf 74' lang='lat' dir='ltr'>de·</span> <span class='ocrx_word' id='word_1_489' title='bbox 583 4971 613 5028; x_wconf 83' lang='lat' dir='ltr'>S·</span> <span class='ocrx_word' id='word_1_490' title='bbox 633 4969 670 5026; x_wconf 80' lang='lat' dir='ltr'>l).</span> <span class='ocrx_word' id='word_1_491' title='bbox 691 4984 714 5027; x_wconf 85' lang='lat' dir='ltr'>r.</span> <span class='ocrx_word' id='word_1_492' title='bbox 737 4993 764 5026; x_wconf 76' lang='grc' dir='ltr'>ι.</span> <span class='ocrx_word' id='word_1_493' title='bbox 783 4971 805 5028; x_wconf 86' lang='lat' dir='ltr'>l.</span> <span class='ocrx_word' id='word_1_494' title='bbox 828 4990 853 5023; x_wconf 73' lang='grc' dir='ltr'>ι.</span> <span class='ocrx_word' id='word_1_495' title='bbox 871 4984 902 5035; x_wconf 75' lang='lat' dir='ltr'>r·</span> <span class='ocrx_word' id='word_1_496' title='bbox 938 4991 1003 5039; x_wconf 62' lang='lat' dir='ltr'>sor·</span> <span class='ocrx_word' id='word_1_497' title='bbox 1023 4971 1091 5038; x_wconf 78' lang='lat' dir='ltr'>Rrp.</span> <span class='ocrx_word' id='word_1_498' title='bbox 1111 4989 1151 5031; x_wconf 81' lang='lat' dir='ltr'>au</span> <span class='ocrx_word' id='word_1_499' title='bbox 1169 4969 1238 5030; x_wconf 71' lang='lat' dir='ltr'>liar.</span> <span class='ocrx_word' id='word_1_500' title='bbox 1258 4971 1313 5030; x_wconf 80' lang='lat' dir='ltr'>int.</span> <span class='ocrx_word' id='word_1_501' title='bbox 1341 4968 1461 5032; x_wconf 71' lang='lat' dir='ltr'>extruit</span> <span class='ocrx_word' id='word_1_502' title='bbox 1487 4967 1537 5028; x_wconf 81' lang='lat' dir='ltr'>der</span> <span class='ocrx_word' id='word_1_503' title='bbox 1561 4969 1746 5049; x_wconf 59' lang='lat' dir='ltr'>staturum,</span> 
     </span>
     <span class='ocr_line' id='line_1_46' title="bbox 200 5046 1490 5127; baseline 0.004 -21"><span class='ocrx_word' id='word_1_504' title='bbox 200 5049 265 5101; x_wconf 66' lang='lat' dir='ltr'>Uc-</span> <span class='ocrx_word' id='word_1_505' title='bbox 283 5061 353 5119; x_wconf 66' lang='lat' dir='ltr'>tym-</span> <span class='ocrx_word' id='word_1_506' title='bbox 371 5069 403 5127; x_wconf 69' lang='lat' dir='ltr'>,q-</span> <span class='ocrx_word' id='word_1_507' title='bbox 422 5069 453 5118; x_wconf 85' lang='lat'>3·</span> <span class='ocrx_word' id='word_1_508' title='bbox 474 5050 508 5106; x_wconf 81' lang='grc' dir='ltr'>Ρ.</span> <span class='ocrx_word' id='word_1_509' title='bbox 526 5066 594 5125; x_wconf 74' lang='lat' dir='ltr'>pag.</span> <span class='ocrx_word' id='word_1_510' title='bbox 615 5057 663 5114; x_wconf 70' lang='lat'>62·</span> <span class='ocrx_word' id='word_1_511' title='bbox 681 5046 737 5109; x_wconf 70' lang='lat' dir='ltr'>Ed.</span> <span class='ocrx_word' id='word_1_512' title='bbox 760 5051 791 5108; x_wconf 83' lang='lat' dir='ltr'>r&#39;n</span> <span class='ocrx_word' id='word_1_513' title='bbox 814 5065 857 5105; x_wconf 57' lang='grc' dir='ltr'>ιτ,</span> <span class='ocrx_word' id='word_1_514' title='bbox 1487 5099 1490 5106; x_wconf 95' lang='grc'><em>.</em></span> 
     </span>
    </p>
   </div>
   <div class='ocr_carea' id='block_1_4' title="bbox 0 0 1940 5686">
    <p class='ocr_par' dir='ltr' id='par_1_4' title="bbox 0 0 1940 5686">
     <span class='ocr_line' id='line_1_47' title="bbox 0 0 1940 5686; baseline 0 0"><span class='ocrx_word' id='word_1_515' title='bbox 0 0 1940 5686; x_wconf 95' lang='lat' dir='ltr'> </span> 
     </span>
    </p>
   </div>
  </div>
 </body>
</html>
