3864 5686
1279 40 1415 124 .

620 283 1250 396 7Ιοιιιιιιιιιιοιιιι
1340 346 1345 355 .

503 525 1091 610 ORDINATIO
1193 530 1432 610 uuxrvs

703 632 813 708 Anno
843 637 964 731 '¹741·
1004 657 1065 712 ιο.
1103 631 1206 710 Dec.
1242 693 1249 701 .
1372 696 1376 701 .

263 838 433 914 Enovatis
456 836 585 913 litteris
608 834 711 912 Pauli
738 835 855 912 Tertii
882 837 928 913 ad
956 834 1066 913 Card.
1093 836 1274 913 Taberam
1288 832 1609 937 Archiepiscopum
1637 837 1712 914 To-

273 944 448 1016 ‘letanum
474 941 567 1014 daris
594 959 656 1036 23.
686 936 778 1027 Maii
808 959 945 1037 1537.,
983 945 1017 1020 ὂ(
1053 937 1188 1016 Urbani
1217 937 1323 1014 vill.
1360 941 1452 1016 datis
1494 963 1553 1014 22.
1581 939 1713 1036 Aprilis

138 1137 147 1142 ..
174 1049 309 1137 1639,
340 1042 565 1134 Antistitibus
591 1038 769 1132 Rrasrliae,
797 1043 1016 1140 aliarumque
1043 1043 1230 1140 regionum
1256 1047 1324 1131 (ι)
1351 1042 1442 1141 Regi
1481 1040 1714 1144 Portugalliae

14 1173 25 1193 ι
173 1143 401 1235 subjeuamm
426 1144 573 1218 mandat
599 1168 715 1218 novus
751 1140 920 1240 Pontifex
955 1142 1160 1220 Benedieius
1184 1141 1313 1235 xlv,
1341 1163 1382 1219 ut
1408 1141 1521 1218 affixis
1544 1143 1716 1235 edistis,

168 1247 334 1324 omnibus
359 1245 456 1321 Indis
482 1268 558 1323 tam
584 1245 621 1319 in
647 1244 890 1342 Paraquaria,
915 1271 959 1324 ae
985 1244 1140 1323 Beasdiae
1165 1246 1376 1343 provinciis,
1408 1271 1451 1322 ac
1478 1244 1524 1320 ad
1563 1243 1715 1319 Flumen

174 1350 212 1427 de
236 1352 271 1423 la
296 1353 424 1441 Plata,
445 1374 560 1447 quam
586 1347 624 1422 in
649 1345 825 1445 quibusvis
849 1349 937 1425 iocis
964 1347 1151 1425 indiarum
1176 1348 1412 1423 occidentalis
1438 1353 1474 1426 bt
1498 1348 1716 1424 meridiona-

174 1452 218 1529 lis
245 1448 454 1543 assistentes,
483 1447 648 1526 universis
674 1470 751 1525 tarn
777 1448 997 1527 saecularibus
1031 1457 1067 1528 δι
1103 1448 1365 1544 ecclesiasticis,
1403 1474 1513 1550 quam
1548 1450 1715 1546 reguiari·

173 1551 235 1627 bus
261 1551 327 1628 sub
351 1552 723 1628 excommunicatione
752 1549 827 1648 ipso
851 1551 946 1628 sasto
972 1552 1209 1642 incurrenda,
1236 1553 1258 1626 ὲ
1283 1579 1356 1651 qua
1390 1578 1464 1629 non
1499 1550 1569 1626 nisr
1595 1554 1618 1626 ai
1643 1551 1716 1629 Ro·

25 1710 33 1716 ‚
174 1677 289 1739 marro
313 1652 488 1730 Pontifice
516 1653 649 1729 absolvi
677 1651 825 1751 poffint,
852 1654 1037 1730 inhibeant
1063 1679 1109 1729 ue
1134 1652 1246 1730 Indos
1272 1654 1309 1727 in
1334 1652 1545 1734 servitutem
1584 1654 1715 1754 redige·

160 1780 235 1850 tre,
257 1758 433 1855 pendere,
460 1781 602 1851 emere,
629 1776 875 1849 commutare,
900 1749 958 1832 v'el
980 1757 1142 1848 donare,
1170 1756 1215 1831 ab
1240 1757 1431 1850 uxoribus,
1452 1762 1489 1848 δι
1513 1753 1600 1833 filiis
1626 1753 1716 1856 sepa-

176 1878 278 1967 rareq
303 1864 339 1937 dt
365 1860 468 1954 bonis
490 1859 560 1935 suis
585 1855 762 1957 spoliare,
789 1857 834 1931 ad
862 1859 933 1935 asia
959 1861 1042 1935 ioca
1066 1861 1261 1950 deducere,
1297 1864 1332 1936 dt
1370 1854 1649 1953 transmittere,
1687 1862 1720 1934 dt

142 1976 148 1982 ”
176 1963 431 2060 quoquomodo
447 1967 538 2054 (rr)
566 1963 701 2060 privare
726 1960 925 2054 libertate,
964 1980 1027 2036 aur
1053 1962 1091 2036 in
1117 1959 1285 2036 servitute
1310 1963 1499 2038 retinere:
1539 1985 1606 2038 nec
1646 1983 1718 2035 non

177 2064 337 2162 pradiru
365 2065 546 2161 agentibus
569 2087 720 2160 operam
747 2060 927 2158 praesiare,
954 2082 1017 2138 aut
1044 2063 1081 2137 id
1106 2065 1250 2142 licitum
1259 2065 1475 2160 praedicare,
1501 2084 1564 2141 aut
1590 2063 1718 2159 cob‘pe·

177 2169 248 2241 rari
275 2158 649 2364 prsaesumantcjiixrat-
670 2164 708 2239 iu
732 2162 866 2241 Bullar.
892 2162 1071 2242 Benediffi
1097 2164 1198 2256 XIV.
1227 2184 1323 2241 torn.
1355 2164 1462 2248 1.C.
1489 2165 1554 2265 38.
1580 2165 1714 2262 Incipit
1788 2202 1789 2208 κ

178 2271 367 2349 hamme.
1218 2304 1220 2308 ·

605 2471 1285 2549 ADNOTATIONES.

143 2735 144 2738 ,
230 2681 300 2766 (ι)
325 2677 412 2774 Regi
436 2676 652 2772 Portugalsiae
671 2673 918 2770 fiebjeliarum.
946 2671 1120 2772 Quamvis
1146 2675 1357 2763 constitutio
1383 2673 1461 2751 haec
1494 2676 1586 2752 data
1615 2674 1660 2753 fir
1685 2676 1723 2750 in

178 2777 340 2854 savorem
366 2778 539 2854 libertatis
566 2775 740 2852 indorum
765 2778 965 2868 omniurn,
1003 2779 1268 2859 etiameorum
1300 2779 1363 2954 qui
1391 2777 1587 2855 castellana
1612 2778 1721 2852 dirio-

138 2965 143 2975 ,
179 2880 259 2970 uis,
285 2901 324 2953 ut
351 2875 550 2973 Paraguayi
586 2883 623 2956 δι
656 2873 929 2965 Bonaerenses,
966 2881 1141 2955 mandata
1181 2877 1265 2955 verb
1315 2880 1417 2956 oium
1455 2880 1499 2955 ad
1524 2878 1722 2978 Episcopus¹

35 3027 38 3032 ·
177 2977 371 3058 Lusitanos
396 2980 620 3077 diriguntur.
647 2976 759 3060 Unde
778 2978 931 3055 minim&
968 3003 1160 3078 potuerunt
1197 2979 1363 3080 Episcopi
1398 2980 1594 3059 Caiieiiani
1619 2981 1727 3070 hujus

179 3082 414 3257 delegatioqris
439 3079 630 3177 pontificias
654 3084 776 3178 vigore
804 3082 992 3178 procedere
1019 3102 1147 3160 contra
1173 3087 1403 3185 quempiam,
1440 3104 1481 3161 ut
1520 3085 1646 3186 aliquis
1671 3086 1721 3159 in·

181 3183 327 3261 tendisse
369 3204 487 3261 ertur.
536 3242 539 3251 .

121 3367 123 3376 ,
169 3327 174 3337 ·
233 3293 317 3377 (ιι)
341 3277 567 3404 Quoqqomodo
607 3287 751 3385 privare
796 3283 984 3363 inerrare.
1019 3284 1208 3364 Consonat
1246 3287 1439 3389 pontificiae
1486 3285 1722 3389 prohibitioni

178 3385 241 3487 Jus
265 3386 609 3486 indicoHispanum
647 3389 708 3469 lib.
736 3394 771 3464 6.
801 3390 866 3465 tit.
897 3411 931 3463 ι.
966 3396 1019 3465 Dr
1042 3392 1091 3464 sor
1116 3393 1272 3468 studiosi
1307 3394 1384 3491 lege
1417 3417 1475 3471 ιι.
1513 3391 1564 3468 Ει
1601 3393 1658 3467 tit.
1687 3412 1718 3463 2.

178 3493 258 3568 eod.
282 3492 373 3566 libro
399 3515 458 3588 per
485 3496 628 3582 totum,
655 3492 717 3588 qui
742 3488 793 3568 est
818 3497 870 3566 De
895 3493 931 3567 ia
954 3492 1098 3567 libertati
1122 3495 1233 3569 delos
1262 3496 1392 3570 Indus.
1418 3495 1469 3572 Et
1495 3495 1554 3572 tit.
1570 3517 1629 3570 12.
1641 3492 1716 3568 eod.

178 3595 249 3671 Dei
268 3594 420 3704 servicio
441 3590 612 3690 personas.
636 3589 685 3672 Et
713 3593 769 3670 tit.
801 3614 858 3689 ιγ.
885 3597 1012 3670 Drior
1038 3595 1147 3670 indies
1174 3597 1211 3671 de
1237 3603 1433 3694 Turuman,
1469 3605 1648 3697 Paraguay
1667 3619 1722 3686 ,γ

178 3696 244 3771 uio
269 3697 307 3766 de
331 3697 366 3768 la
394 3696 518 3771 Psara.
556 3767 557 3772 ,
1162 3716 1168 3725 ·

282 3795 468 3873 Consonat
494 3798 610 3900 etiam
635 3795 832 3876 Pontificio
856 3803 893 3877 δι
918 3794 1081 3896 Hispano
1104 3798 1180 3898 Juri
1208 3800 1490 3896 Lufitanicum,
1530 3821 1573 3878 ut
1609 3798 1726 3876 videre

66 3964 68 3968 .
102 3919 109 3922 ·
179 3897 293 3978 estin
316 3898 451 3976 Codice
476 3925 573 3978 novo
600 3904 657 3977 cui
685 3904 808 3978 titulus
833 3899 882 3976 est
910 3901 986 3977 Leis
1011 3930 1027 3974 e
1052 3909 1231 3997 Decretos,
1272 3904 1462 4005 prasertim
1499 3927 1543 3980 ex
1579 3904 1726 3979 decreto

135 4050 144 4065 κ
179 4003 269 4078 dato
293 3998 498 4102 Ulyssrpone
524 4011 560 4081 6.
587 4002 658 4100 Jur.
689 4024 825 4102 1755„
850 4002 910 4081 ubi
936 4005 1031 4080 inter
1057 4007 1128 4082 asia
1154 4005 1229 4083 hae'c
1255 4008 1389 4083 habes:
1415 4009 1585 4084 Havendo
1624 4002 1724 4081 desci-

178 4107 230 4191 do
253 4107 386 4182 muitos
405 4105 591 4181 milhoens
616 4108 660 4180 de
684 4104 831 4197 ludios,
857 4101 892 4183 se
928 4103 1059 4184 soraon
1094 4108 1228 4207 sempre
1263 4112 1534 4209 extinguindo,
1575 4109 1622 4183 de
1648 4131 1724 4182 mo

149 4207 227 4288 ,do
251 4231 321 4307 que
344 4233 381 4283 es
408 4208 526 4282 muito
554 4205 740 4307 pequenho
777 4233 802 4282 ο
841 4231 993 4285 numero
1026 4211 1090 4284 das
1125 4236 1371 4311 povoaqoens,
1408 4215 1525 4290 edos
1552 4212 1719 4287 morado·

177 4332 233 4401 res
256 4312 301 4386 de
324 4311 413 4386 ellae
422 4359 549 4383 ......
593 4311 626 4383 Λ
664 4307 771 4385 causa
796 4308 946 4393 consiste
971 4335 1016 4385 en
1042 4309 1077 4387 se
1100 4339 1197 4390 naon
1221 4313 1331 4390 haver
1365 4311 1594 4392 sustenrado,
1608 4338 1658 4395 na
1682 4310 1724 4384 ii·

174 4406 389 4489 bertade...
415 4405 674 4490 observandose
701 4437 741 4487 as
763 4409 914 4489 Leis...
941 4409 1096 4512 Der6go
1120 4441 1159 4492 as
1183 4414 1268 4492 Leis
1291 4440 1359 4515 que
1387 4419 1626 4517 permitiraon
1651 4413 1730 4501 ain*

113 4502 144 4697 ζ
177 4515 224 4591 da
249 4538 296 4588 en
320 4534 436 4589 certos
462 4510 560 4588 'casos
589 4540 610 4588 a
635 4511 938 4591 escravidaon...
963 4513 1017 4590 Os
1045 4517 1169 4594 Indios
1195 4519 1281 4594 saon
1318 4520 1491 4597 libres...
1528 4518 1587 4595 Os
1620 4514 1728 4593 catti·

61 4656 72 4663 -
178 4642 241 4690 ros
265 4614 364 4690 seian
391 4615 508 4714 postor
534 4642 580 4690 en
617 4616 861 4693 libertade...
897 4616 987 4692 Para
1015 4620 1086 4694 elia
1124 4622 1201 4709 (ia
1229 4623 1359 4699 verdad
1385 4649 1432 4702 cn
1466 4622 1667 4721 juzgarde
1693 4622 1728 4692 ia

176 4718 327 4810 libertati
354 4723 372 4806 )
397 4717 497 4793 seran
525 4722 737 4816 preparados
762 4722 818 4794 los
844 4740 950 4795 euros
974 4723 1071 4816 peior
1095 4724 1395 4802 ovidores....e
1433 4727 1488 4802 ios
1522 4744 1730 4827 proporaou

177 4843 223 4894 en
248 4816 358 4913 Jun'ra
384 4821 406 4894 a
431 4844 500 4919 que
526 4818 669 4898 affistira
698 4849 722 4897 o
749 4819 908 4897 Prelado
931 4821 1146 4915 diocesano,
1177 4853 1202 4900 ο
1227 4826 1492 4921 Governador,
1530 4853 1573 4904 os
1600 4849 1730 4928 quatro

175 4919 346 4996 Preiados
373 4946 490 4997 mores
513 4924 585 4998 das'
605 4922 789 4997 miffioens
807 4925 853 4997 da
878 4923 1112 5022 Companhia
1137 4928 1183 5003 de
1208 4927 1308 5026 ‚iesus
1332 4938 1352 5023 ,'
1383 4926 1430 5008 de
1454 4930 1535 5009 Νη
1566 4930 1728 5007 Senbora

177 5024 227 5103 do
249 5023 382 5134 Monte
409 5026 458 5131 do
482 5024 650 5122 Carmo,
671 5027 736 5103 dos
762 5024 941 5128 religiosos
967 5026 1195 5133 Capucltos,
1227 5057 1246 5110 e
1273 5035 1320 5112 ds
1357 5036 1435 5114 Nea
1458 5034 1631 5117 Seuhora
1667 5035 1729 5108 das

1579 5136 1667 5219 Mer
