3864 5686
696 335 1203 415 NOVIORBIS.
1618 345 1668 438 37'

521 474 649 581 „Nova
675 474 826 556 Suecia.
852 483 952 578 long.
984 503 1067 555 roo.
1094 483 1177 553 Lat.
1203 474 1269 552 bor.
1295 495 1359 576 40.
1417 526 1419 531 -

231 582 287 661 Ab
310 581 387 658 hoc
414 601 511 657 anno
535 580 714 657 ducuntur
739 583 849 659 Novar
873 581 1009 659 Sueciae
1035 583 1255 681 primordia,
1281 585 1318 658 ἃ
1340 575 1527 656 Christinae
1550 581 1643 658 urbis
1666 583 1720 659 in·

189 707 240 763 ter
263 687 470 784 Virginiam
495 687 531 761 dt
555 684 698 760 Novam
723 684 933 780 Jorclriam‚
957 711 1065 784 quam
1092 683 1136 758 ab
1158 682 1351 759 Hollandis
1377 703 1588 783 occupatam
1614 710 1734 771 voca-3

193 791 275 865 bant
304 810 391 864 tunc
418 790 585 886 temporis
610 787 755 863 Novum
780 785 966 887 Belgium.
993 788 1040 864 Et
1065 786 1208 880 quidem
1241 784 1418 861 Hollandi
1440 784 1637 863 Succorum
1663 812 1721 887 ap-

190 891 285 993 pulsu
311 892 464 967 coloniis
489 887 620 988 expulsi
646 915 721 965 non
757 888 859 966 sunt.
885 889 992 967 Dum
1024 889 1063 965 hi
1089 889 1247 964 colendis
1283 890 1375 986 agris
1399 910 1639 989 occupantur,
1666 888 1719 966 illi

195 996 409 1072 commercia
435 990 685 1091 frequentant,
712 992 802 1068 nihil
830 991 1018 1070 intercessit
1043 992 1139 1093 quod
1163 994 1382 1091 reciprocam
1408 992 1611 1069 animorum
1636 1016 1722 1067 con·

196 1100 356 1174 cordiam
382 1095 656 1177 interturbaret.
692 1094 889 1186 Intercelstt
925 1114 1047 1173 autem
1081 1093 1219 1196 postea.
1255 1096 1325 1172 Sed
1362 1092 1457 1169 celstt
1485 1121 1582 1170 anno
1612 1103 1720 1193 1655.

194 1197 348 1297 Joanrtcs
371 1198 551 1298 Rifingius
559 1198 756 1276 Succorum
767 1195 1000 1276 Gubernator
1025 1201 1270 1297 qualicumque
1295 1196 1362 1273 suae
1387 1199 1500 1296 gentis
1526 1201 1600 1290 jure
1612 1219 1727 1275 trans.

195 1305 267 1379 lato
294 1305 335 1380 in
358 1299 507 1379 Petrum
534 1301 752 1397 Stuyveland
777 1327 842 1400 pro
866 1303 1057 1380 Hollandis
1081 1300 1388 1379 Gubernatorem.

899 1411 1008 1501 1642.

511 1551 541 1568 ι-
566 1507 680 1584 Terta
707 1506 751 1583 ab
778 1507 1039 1584 Adamantibus
1062 1511 1100 1585 dc
1125 1508 1346 1584 Tazmanni.
1373 1551 1405 1567 ··

371 1670 382 1682 .
471 1676 476 1683 .
546 1607 843 1711 Madagascaria.
868 1615 968 1710 Long.
995 1633 1058 1707 75.
1083 1613 1166 1687 rat.
1192 1637 1275 1684 mer.
1306 1635 1363 1710 15.

240 1712 296 1788 Ab
319 1710 431 1788 Abelc
457 1711 672 1789 Tazmanno
698 1711 840 1792 Batavo
864 1713 1006 1790 detectas
1030 1711 1113 1788 sunt
1139 1733 1261 1806 terra,
1286 1715 1331 1790 de
1355 1709 1575 1789 suonomine
1599 1711 1722 1806 diua,

193 1819 227 1893 dt
250 1816 291 1890 ab
318 1814 598 1891 Adamantrbus.
627 1815 741 1900 Huius
766 1836 888 1914 tamen
911 1815 1193 1916 septentrionalis
1217 1816 1309 1894 hora
1335 1814 1407 1892 visa
1433 1816 1526 1915 prius
1551 1815 1726 1892 dicitura

190 1916 356 1994 Zechaen
380 1919 506 1993 itidem
532 1917 740 1995 Hollando.

238 2020 282 2096 ln
307 2017 619 2120 Madagascariam
646 2025 795 2100 veniunt
818 2047 840 2100 e
864 2023 989 2102 Gallia
1015 2026 1159 2119 coloni,
1185 2050 1282 2104 novo
1306 2021 1473 2126 Delphina
1497 2024 1646 2101 nomine
1671 2022 1726 2098 in·

199 2119 273 2202 sulas
300 2124 500 2218 attributo;
525 2124 585 2202 scd
612 2127 747 2226 aliquot
774 2125 850 2228 post
876 2130 978 2205 annis
1003 2151 1086 2206 carn
1109 2128 1296 2207 deserunt.

815 2277 817 2281 ·
900 2240 1012 2329 1643·

488 2328 660 2408 Brouveri
686 2333 864 2423 trajectus.
892 2337 993 2433 Long.
1023 2353 1110 2434 314.
1136 2339 1218 2410 Lat.
1246 2358 1327 2410 mer.
1356 2355 1417 2432 57.

244 2433 301 2509 lld
323 2432 499 2511 orientem
535 2432 617 2512 sreti
644 2433 783 2512 Mairaei
823 2438 914 2512 inter
941 2457 1073 2512 terram
1097 2437 1230 2514 didam
1266 2462 1288 2511 a
1315 2434 1480 2512 Statibus-
1508 2434 1727 2530 alteramque

196 2538 377 2635 regionem
402 2539 558 2635 amplam
593 2539 685 2628 jacet
723 2539 882 2628 trajectus
917 2540 1064 2638 quidam
1099 2539 1327 2616 aBrouvero
1362 2539 1545 2612 inventore
1569 2538 1723 2634 appella-

192 2655 275 2713 tus:
301 2639 475 2731 traieiius,
504 2640 674 2738 inquam,
701 2642 883 2740 ignoratur
908 2644 1005 2722 enim
1031 2669 1119 2719 num
1143 2667 1279 2717 novum
1304 2639 1437 2716 fretum
1462 2637 1531 2733 stt,
1558 2662 1605 2714 an
1641 2659 1727 2714 vero

192 2741 342 2818 tandem
365 2742 402 2817 in
426 2741 618 2829 Mairaeum
643 2742 776 2821 fretum
801 2748 944 2822 occulta
970 2745 1088 2822 adhuc
1114 2747 1171 2822 via
1197 2745 1416 2822 revolvatur.

428 2890 496 2925 .--
521 2846 636 2923 Terra
663 2847 874 2925 Societatis.
900 2853 998 2949 long.
1032 2871 1113 2946 ¹75·
1140 2853 1220 2925 Lat.
1245 2849 1313 2924 bor.
1343 2871 1471 2944 50.-·
1559 2910 1572 2922 ,,

238 2944 380 3021 Eodem
409 2972 506 3023 anno
532 2946 760 3025 Hollandicae
786 2951 975 3026 Societatis
1001 2950 1132 3026 indicae
1168 2952 1250 3026 navi
1275 2947 1457 3036 Callaicum
1493 2946 1585 3022 dicta
1611 2965 1728 3044 perte-

201 3042 318 3144 {ligare
348 3045 522 3146 aggressus
546 3051 606 3124 'ell
631 3050 810 3126 Martinus
848 3052 1047 3129 Hertszoon
1081 3054 1126 3129 de
1153 3051 1262 3131 Uriez
1288 3049 1383 3128 Tessr
1411 3072 1563 3127 terram.
1600 3049 1727 3144 ltaque

199 3149 279 3235 circa
307 3171 373 3245 45.
402 3171 454 3243 gr.
481 3147 593 3222 versus
629 3150 787 3247 Japoniae
822 3153 1097 3248 septentrionem
1123 3157 1294 3251 navigans
1330 3154 1405 3228 duo
1429 3148 1602 3248 conspicit
1629 3170 1729 3222 terras

201 3246 303 3345 spatia
331 3247 603 3347 quatuordecim
631 3253 813 3326 leucarum
839 3251 932 3329 freto
957 3256 1118 3344 disjecta.
1145 3254 1291 3329 Fretum
1317 3254 1407 3328 dixit
1431 3251 1562 3343 Uriez,
1587 3249 1730 3325 boreale

199 3351 286 3430 latus
309 3358 461 3430 Terram
485 3352 686 3446 clarirtatis,
714 3352 865 3432 australe
878 3380 973 3445 ‚vero
998 3362 1160 3432 &aruum
1185 3354 1355 3448 Insulam.
1734 3358 1738 3365 ’

914 3464 960 3534 16
985 3470 1022 3540 6.

245 3553 418 3641 Bourdon
441 3556 553 3635 Note
578 3557 737 3636 Francia
773 3561 890 3636 incola
929 3482 980 3638 ad
1001 3557 1290 3662 septentrionales
1315 3562 1475 3660 regiones
1509 3583 1530 3635 a
1556 3556 1729 3635 Generali

202 3658 449 3737 Gubernatore
474 3663 656 3760 expeditus
681 3665 720 3739 in
746 3661 927 3739 Hudsonis
964 3663 1079 3743 smum
1118 3668 1331 3764 ingreditur,
1357 3688 1429 3762 quo
1453 3685 1585 3756 nemo,
1623 3682 1732 3762 quem

199 3761 326 3856 sciam,
352 3766 449 3863 prior
474 3786 742 3868 penetraverat:
771 3765 912 3866 aditque
940 3765 1183 3864 possessionem
1207 3792 1277 3866 pro·
1295 3765 1408 3842 Gallo
1434 3764 1563 3864 Rege.

905 3881 1016 3950 1660.
1290 3938 1304 3957 tx

605 3969 801 4048 Carolina.
826 3974 929 4070 Long.
958 3995 1044 4067 297.
1069 3976 1152 4046 Lat.
1179 3971 1246 4046 bor.
1275 3991 1335 4068 35.
1658 4033 1662 4040 .

247 4068 408 4170 Georgio
434 4069 553 4148 Monlr
580 4071 824 4150 Albcmarensr
849 4073 981 4167 Duci‚
1021 4101 1062 4149 ac
1091 4074 1168 4150 aliis
1193 4075 1349 4172 quinque
1383 4071 1582 4169 proceribus
1607 4091 1735 4145 conce·

201 4170 259 4244 dit
282 4171 430 4250 Carolus
458 4174 508 4249 ll.
535 4175 679 4274 Anglia
702 4176 782 4261 Rex
817 4201 899 4257 cam
932 4176 1082 4254 Florida
1119 4198 1278 4275 partem,
1313 4201 1390 4275 qun
1412 4175 1532 4251 media
1568 4170 1617 4249 est
1641 4175 1738 4248 inter

202 4270 427 4371 virgineam,
455 4283 491 4356 δι
514 4277 660 4356 Novam
688 4279 893 4377 ‚Georgiam
930 4280 1165 4357 hodiernam.
1202 4277 1417 4357 Concedam
1452 4274 1736 4375 terrampartiti

200 4397 332 4453 uncant
356 4377 587 4460 carolinam.
1735 4402 1738 4407 ’

220 4515 223 4520 ·
906 4497 1017 4567 166.
1711 4553 1713 4558 .

252 4579 451 4679 Zacharias
476 4586 640 4667 Glrillam
661 4589 801 4691 Anglus
826 4589 873 4667 ad
897 4512 1125 4671 altitbdtnem
1152 4613 1214 4690 75.
1241 4615 1292 4688 gr.
1329 4592 1367 4667 in
1392 4580 1621 4688 Baffingsensr
1656 4582 1737 4663 smu

202 4707 281 4758 cum
308 4685 536 4785 ascendisset,
571 4695 749 4770 deseendit
785 4691 903 4793 postca
941 4697 977 4771 in
1015 4697 1182 4770 intimum
1221 4693 1403 4771 Hudsonis
1439 4690 1628 4768 recessum.
1664 4687 1739 4767 llic

203 4810 322 4864 autem
345 4789 484 4870 fluoren
508 4794 671 4895 ingressus
700 4796 754 4875 cst
789 4800 886 4895 quod
912 4798 1126 4896 a‘Ruperto
1159 4800 1371 4896 appellavit,
1407 4798 1595 4871 decurrens
1622 4793 1667 4868 ab
1692 4814 1737 4866 ea

206 4910 298 4967 tcrrae
323 4919 450 4994 parte,
475 4896 513 4975 in
537 4903 636 4991 cujus
661 4904 773 4978 traiiu
795 4897 947 4983 carrada
972 4900 1043 4980 est.
1081 4899 1208 4983 Paucis
1236 4923 1320 4985 ante
1347 4901 1450 4977 annis
1480 4898 1657 4978 subierant
1692 4912 1744 4969 ex

204 4993 327 5094 Anglis
350 5000 400 5082 ad
425 5005 545 5087 lacum
568 5001 677 5108 usque
700 5000 1030 5134 lieniscatensem·

1103 5176 1109 5187 ’
1261 5191 1266 5203 “
1347 5164 1443 5179 ’
1486 5185 1493 5197 ’
1543 5132 1744 5281 ''‘;iii'.·'''
