3864 5686
575 309 711 394 hro
735 334 753 393 s
779 335 803 395 τ
828 333 906 395 οι.
934 339 945 395 ι
970 337 1078 407 Μ.
1135 339 1244 417 ¹500·
1300 324 1410 415 1563.
1622 318 1690 416 ἰός

217 448 353 555 yeme,
378 450 543 532 fratribus
567 482 650 535 cum
675 456 795 533 sorore
820 456 887 533 stve
913 484 956 534 ex
982 481 1081 557 patre
1117 458 1186 533 srve
1209 483 1252 533 ex
1280 456 1395 533 matre
1420 450 1568 547 solum,
1605 455 1673 532 sne
1698 480 1743 532 ex

214 580 394 654 utroque3
419 558 491 633 avis
516 584 598 635 cum
622 560 749 658 nepte,
774 559 916 636 sobrino
940 587 1024 639 cum
1049 563 1160 636 amita
1187 565 1239 641 vel
1265 586 1348 636 cum
1372 583 1483 634 rurore
1510 560 1650 656 patrui,
1688 558 1743 635 so-

212 683 305 733 cero
330 683 414 733 cum
448 685 564 754 num,
597 660 699 739 fratri
725 689 807 737 cum
842 688 950 737 uxore
976 662 1125 756 srarris,
1157 663 1405 737 maritorum
1429 658 1501 736 filia
1539 661 1657 734 uxoris
1691 662 1745 737 vel

204 779 348 857 mepte.
374 760 434 839 Dc
459 764 533 860 lege
561 785 680 839 tamen
706 786 820 838 vetere
847 764 937 837 nihil
963 766 1098 861 obligat
1124 764 1256 856 modo,
1283 762 1346 838 nist
1372 762 1595 861 quodstmul
1622 761 1671 837 cst
1697 764 1743 838 de

208 866 296 958 lege
319 864 474 937 naturali
501 872 537 941 δι
562 868 607 941 ad
631 890 746 941 mores
772 867 944 963 pertinet.
980 867 1028 941 Et
1053 869 1148 964 quod
1175 890 1248 940 non
1284 886 1407 940 omnes
1433 865 1631 939 contradus
1668 888 1745 938 ma-

212 964 440 1039 trimoniales
475 967 513 1040 in
537 968 613 1064 lege
650 989 766 1043 verere
794 967 957 1063 prohibiti
994 971 1044 1043 ira
1072 970 1182 1041 etiam
1215 965 1331 1043 modb
1368 966 1536 1062 prohibiti
1576 963 1667 1056 srnt,
1703 986 1744 1039 ut

206 1066 318 1139 :trulla
342 1064 598 1162 dispensatione
624 1068 690 1143 smt
716 1069 971 1160 ltottellabiles‚
997 1067 1060 1145 usu
1085 1067 1236 1143 ecclelia
1262 1065 1433 1158 constat,
1471 1091 1548 1166 quae
1584 1067 1740 1163 aliquan-

201 1167 269 1241 do
292 1162 539 1263 dispensavit,
567 1193 605 1245 ut
643 1168 750 1245 frater
776 1194 923 1245 uxorem
949 1173 1092 1245 duceret
1118 1166 1269 1263 fratris,
1302 1192 1430 1267 nempe
1463 1170 1661 1247 demortui.
1698 1167 1743 1243 ln

205 1271 293 1365 lege
317 1292 409 1345 nova
436 1270 523 1345 nihil
548 1271 598 1349 est
622 1273 665 1347 de
690 1274 809 1347 divina
834 1276 932 1367 lege,
959 1295 998 1347 ut
1025 1277 1046 1346 a
1071 1273 1165 1345 civili
1192 1278 1228 1349 δι
1252 1269 1481 1347 ecclesraslica
1507 1260 1649 1360 diffeit,
1674 1266 1741 1343 nih

213 1369 312 1467 quod
337 1368 497 1446 Christus
521 1372 703 1464 Dominus
729 1372 971 1448 Deus-Homo
999 1374 1181 1470 praecepit:
1220 1376 1351 1469 inquo
1377 1373 1464 1445 nihil
1490 1392 1610 1462 extat,
1647 1372 1743 1444 unde

226 1474 494 1547 matrimonium
519 1479 738 1548 comiadum
765 1475 785 1547 ir
808 1472 915 1549 fratre
940 1481 975 1552 br
999 1474 1117 1549 sorore
1144 1473 1336 1549 infidelibus
1360 1475 1483 1548 debent
1507 1470 1583 1570 post
1618 1469 1744 1569 baptis-

219 1598 317 1649 mum
351 1571 507 1651 dissolvi.
535 1576 658 1653 Restat
684 1598 768 1671 ergo
792 1575 938 1650 dubium
964 1603 1008 1650 an
1035 1575 1078 1650 stt
1104 1577 1251 1650 vetitum
1275 1579 1350 1672 lege
1375 1578 1492 1649 divina
1516 1575 1690 1648 naturali.

320 1674 491 1772 Suppono
518 1701 577 1770 2.,
602 1702 646 1752 ex
674 1678 745 1768 lis,
779 1703 856 1774 quae
890 1680 966 1773 lege
1002 1679 1155 1753 naturali
1191 1675 1450 1775 prohibentur,
1476 1677 1593 1775 aliqua
1630 1678 1742 1749 ctiam

222 1775 368 1855 irritari.
393 1773 569 1871 Quanam
597 1778 681 1851 verb¹
704 1777 771 1852 srnt
797 1779 871 1852 hac
896 1776 1040 1854 difficile
1065 1779 1279 1875 explicatur.
1306 1777 1345 1855 P.
1373 1776 1562 1869 Marrinon
1588 1780 1661 1866 (a)
1688 1777 1741 1849 in-

222 1878 315 1975 quit,
343 1899 427 1953 runc
455 1881 584 1955 irritari
611 1882 677 1955 hac
705 1884 781 1976 lege
807 1882 962 1977 aliquem
989 1882 1129 1971 aslum,
1154 1879 1300 1977 quando
1324 1904 1367 1954 ex
1391 1901 1520 1953 narura
1545 1878 1596 1953 rei
1622 1877 1669 1952 ad
1695 1879 1736 1951 il·

223 1980 291 2055 lum
317 1977 436 2053 delicit
465 1981 614 2077 poteslas
641 1983 694 2055 vel
722 1980 900 2079 potestatis
924 1983 1024 2056 ul'us.
1052 1979 1156 2058 Unde
1182 1977 1331 2056 donatio
1356 1983 1407 2055 rei
1448 1981 1571 2054 alienae
1599 1984 1635 2057 δι
1661 2002 1740 2076 pro

225 2076 353 2172 bibita,
379 2088 413 2159 ὅ(
441 2083 559 2174 irrita,
584 2090 620 2160 ὅ(
645 2107 688 2157 ex
712 2104 840 2157 natura
865 2085 915 2157 rei
940 2086 1037 2157 nulla
1063 2080 1134 2175 est,
1159 2086 1242 2181 quia
1266 2080 1386 2156 deficit
1411 2082 1449 2155 in
1484 2081 1643 2157 donante
1676 2104 1740 2176 po-

228 2180 320 2257 teslas
346 2186 492 2259 moralis
515 2185 696 2276 donandi,
724 2209 850 2281 nempe
885 2185 1109 2260 dominium.
1148 2184 1314 2259 Vendirio
1351 2182 1574 2259 fraudulenta
1609 2183 1739 2278 pariter

227 2280 266 2355 est
289 2284 466 2379 prohibita
493 2290 528 2361 ὃ(
554 2289 675 2377 nulla,
713 2286 793 2382 quia
823 2286 904 2359 licbt
938 2312 1010 2360 non
1037 2285 1121 2359 dcsrt
1149 2287 1184 2359 in
1223 2284 1511 2360 contrahentibus
1549 2280 1737 2381 potestas,

226 2380 333 2459 deficit
362 2390 524 2461 voluntas
549 2412 625 2485 qua
651 2385 700 2460 est
727 2385 906 2482 potcstatis
933 2388 978 2459 ad
1004 2385 1104 2461 usum
1132 2388 1343 2483 applicatio.
1370 2384 1540 2460 Similiter
1579 2384 1738 2457 irritatur

227 2486 480 2583 &prohibetur
506 2490 776 2563 matrimonium
815 2488 1005 2563 secundum
1039 2489 1176 2561 vivente
1202 2488 1351 2584 conjuge
1384 2491 1533 2585 primo,
1569 2484 1651 2582 quia
1676 2507 1739 2578 pet

230 2586 319 2675 illum
346 2613 400 2662 res
424 2590 496 2677 iam
523 2592 639 2665 aliena
668 2590 882 2664 traderetur:
909 2589 1240 2667 &matrimonium
1276 2614 1358 2663 cum
1381 2611 1501 2663 errore
1534 2580 1738 2661 substantia·

228 2687 269 2779 li,
290 2693 373 2787 quia
398 2690 562 2767 deficeret
590 2692 777 2783 voluntas,
802 2689 860 2765 seu
887 2692 1078 2783 voluntarii
1113 2692 1236 2764 tatio.
1274 2688 1314 2765 P.
1339 2688 1470 2766 Strarez
1496 2685 1569 2775 (b)
1606 2686 1738 2762 irritari

228 2791 325 2865 etiam
350 2793 457 2869 docet
483 2797 623 2885 allum,
647 2795 791 2891 quando
818 2793 1041 2881 indecentia,
1067 2812 1207 2888 propter
1230 2817 1338 2891 quam
1364 2793 1440 2889 lege
1464 2788 1620 2865 naturali
1656 2814 1735 2885 pro-

226 2885 375 2985 hibetur,
402 2895 505 2971 durat
533 2898 570 2968 in
595 2899 669 2984 jam
692 2893 807 2969 fallo.
833 2893 902 2969 Sed
927 2893 1083 2990 displicet
1111 2894 1208 2984 aliis,
1234 2919 1322 2968 nam
1357 2892 1558 2975 indecentia
1596 2908 1737 2987 propter

227 3012 320 3087 quam
359 3015 445 3067 voto
482 2995 649 3072 castitatis
689 2998 862 3091 obligatus
896 2996 974 3090 lege
1000 2995 1153 3067 naturali
1189 2994 1391 3092 prohibetur
1434 2996 1455 3067 a
1491 2990 1737 3066 contrahendo

228 3095 469 3186 matrimonio,
494 3098 619 3170 eadem
646 3097 781 3170 viderur
806 3100 1018 3192 perseverate
1042 3095 1081 3167 in
1103 3095 1177 3182 jam
1201 3098 1405 3188 contrado,
1430 3098 1514 3192 quin
1540 3094 1737 3167 contradus

228 3188 259 3268 fit
283 3198 305 3269 ai
333 3216 461 3270 natura
489 3199 624 3274 irritus.

314 3298 486 3395 Suppono
514 3319 573 3394 3.,
599 3299 695 3396 quod
723 3300 839 3397 aliqua
863 3295 937 3387 iure
962 3317 1097 3371 natura
1123 3296 1351 3394 prohibentur
1386 3294 1736 3388 fundamentaliter,

228 3395 284 3475 uia
308 3401 422 3475 etiam
456 3394 680 3489 formaliter3
719 3404 772 3475 vel
808 3420 849 3475 ut
886 3401 1000 3497 inquit
1034 3397 1073 3472 P.
1111 3399 1268 3474 Sanchez
1304 3405 1395 3491 (c),
1433 3400 1502 3474 alia
1541 3394 1735 3495 primarii),

231 3497 286 3573 alia
307 3500 536 3577 secundarib.
564 3501 776 3585 formaliter
812 3501 1041 3599 prohibentur
1066 3525 1143 3597 quae
1167 3502 1267 3575 omni
1294 3500 1375 3575 casu
1409 3502 1601 3575 redduntur
1637 3495 1738 3586 illicis

231 3616 259 3671 ιι
280 3629 287 3673 :
314 3600 631 3679 fundamentaliter
658 3622 719 3680 aut
747 3603 947 3678 radicaliter
972 3626 1048 3699 quac
1076 3625 1159 3677 runc
1184 3601 1300 3678 solum
1326 3605 1470 3702 quando
1495 3604 1635 3677 ratione
1672 3598 1737 3674 ali·

233 3722 287 3792 qua
308 3730 381 3780 non
406 3704 706 3781 cohonestantur.
733 3706 869 3780 Aliter:
896 3730 937 3779 ea
963 3702 1163 3779 formaliter
1187 3727 1249 3779 aut
1275 3706 1445 3802 primario
1471 3704 1736 3801 prohibentur,

230 3820 289 3893 que
312 3806 440 3905 absque
467 3806 703 3907 prohibitione
730 3810 798 3882 alia
826 3808 880 3881 vel
908 3803 1073 3902 requisrto
1099 3803 1180 3879 sunt
1204 3807 1278 3893 jure
1301 3806 1465 3880 naturali
1485 3805 1631 3891 illicita;
1657 3792 1738 3875 fub-

224 3896 461 3985 lamentaliter
485 3935 562 4008 quaa
588 3910 722 4006 petius
749 3910 891 4005 aliquod
928 3903 1116 4003 posrtivum
1151 3906 1380 4002 prohibentur
1415 3904 1462 3979 ob
1496 3902 1639 3979 causam
1674 3902 1737 3975 ali·

229 4018 318 4091 luam
343 4013 397 4085 vel
424 4013 661 4087 indecentiam
687 4034 730 4087 ex
756 4032 883 4085 natura
909 4010 958 4081 rei
984 4005 1207 4103 desumptam
1234 4062 1244 4098 ,
1270 4032 1346 4106 qua
1372 4028 1493 4081 tamen
1517 4006 1565 4080 ob
1588 4026 1736 4078 concur·

219 4093 288 4182 sum
311 4116 462 4188 rationis
489 4115 634 4189 alterius
660 4115 715 4187 vel
741 4110 852 4187 causae
877 4106 1098 4184 cohonestari
1127 4107 1266 4207 poliunt
1292 4110 1346 4182 vel
1373 4107 1530 4209 permitti
1554 4162 1564 4181 .
1586 4106 1656 4181 Ex.
1681 4127 1734 4201 gr.

215 4187 490 4307 Mqr'rimonium
516 4219 608 4291 inter
644 4213 926 4313 consanguineos
951 4213 989 4285 in
1013 4211 1140 4308 quinto
1165 4211 1279 4309 gradu
1302 4213 1379 4309 lege
1413 4212 1569 4288 naturali
1594 4207 1656 4285 seu
1678 4224 1735 4283 ra-

211 4308 308 4389 ¹¹⁰¹1e
333 4318 515 4415 desumpta
542 4342 585 4393 ex
611 4338 739 4393 natura
775 4322 859 4408 rei,
896 4313 1028 4389 scilicet
1053 4337 1098 4389 ex
1121 4315 1261 4388 unitate
1296 4315 1425 4389 morali
1460 4298 1737 4411 consanguineo·

202 4412 323 4510 ¹3⁸¹n,
349 4417 417 4493 five
444 4444 488 4496 ex
514 4422 646 4495 unione
672 4417 869 4516 sanguinis,
896 4415 1099 4515 prohibetur
1123 4413 1463 4508 fundamentaliter,
1490 4441 1575 4489 nam
1600 4439 1644 4488 ea
1679 4438 1748 4493 ra·.

198 4506 309 4595 “one
335 4547 411 4620 quae
437 4520 548 4595 modb
573 4524 684 4597 etiam
710 4539 915 4619 permanet,
941 4515 1009 4592 suit
1035 4519 1124 4592 olim
1149 4517 1366 4615 prohibitum
1390 4515 1642 4616 jutepofrtivo.
1665 4511 1735 4588 Sed

188 4611 321 4695 modi)
346 4630 367 4701 a
392 4645 523 4700 natura
549 4621 597 4699 fic
623 4624 848 4724 prohibetur,
874 4645 915 4695 ut
941 4648 1016 4697 non
1042 4618 1084 4693 stt
1112 4619 1317 4718 simpliciter
1340 4620 1532 4693 illicitum,
1602 4672 1669 4793 ..D-

1659 4742 1687 4790 1·

186 4812 1736 4875 N-.....................................................·..-

231 4932 309 5013 (a)
328 4956 496 5023 Marianon,
515 4954 554 5015 ι).
577 4975 623 5021 η.
641 4957 687 5013 ne
706 4954 812 5025 reas.
834 4944 866 5008 ,ί
879 4972 909 5010 n.
932 4975 976 5009 η.
1016 4949 1076 5023 (ι)
1097 4955 1181 5009 ιω.
1204 4948 1255 5009 ιιι.
1269 4949 1493 5016 numam.
1507 4965 1550 4999 n·
1569 4960 1601 5015 a,
1613 4902 1638 5007 s}

233 5011 307 5093 (τ)
325 5031 424 5092 sanci.
443 5033 495 5093 aa.
518 5053 544 5098 ι.
563 5035 600 5094 ιι
619 5033 755 5094 maram.
773 5035 820 5093 n.
844 5053 887 5098 μ.
909 5050 937 5088 n.
962 5053 987 5097 2.
