3864 5686
1280 150 1284 167 t
1315 142 1318 147 “
1353 139 1394 195 ...ἦ

153 238 173 263 ‘
244 202 325 354 mo
667 222 1266 333 Onotunttonns
1328 216 1463 325 ³⁵!

196 394 398 494 apostolicis
419 394 457 471 S.
484 391 1162 473 Francisci.excursronibuslustratum
1184 392 1257 470 est.
1280 380 1345 472 'De
1370 390 1431 473 ibt
1456 386 1499 471 fn
1524 396 1665 474 mentio
1690 387 1729 470 itt

194 490 344 595 Synodo
368 495 591 599 Guamangta
617 497 706 574 anni
734 507 843 594 1672.
868 501 1155 596 (alequamvis
1179 518 1264 575 eum
1288 490 1356 576 effe
1377 500 1498 573 locum
1522 495 1726 576 Solanimi·

133 656 136 661 ·
197 600 339 676 uilierio
364 599 595 693 decoratum,
621 598 799 676 affirmare
822 623 902 675 nou-
921 596 1059 675 cufim.
1301 686 1304 691 ⁵
1582 604 1587 613 '
1614 650 1617 655 -

301 698 346 774 ln
371 697 527 799 prasenti
552 704 816 779 Constitutione
840 709 874 795 §.
902 721 938 800 3.
962 703 1120 777 dicitur:
1153 702 1293 785 limam
1315 698 1434 781 missus
1470 692 1729 793 (Franclscta)

60 852 64 862 ·
97 836 101 841 ·
197 803 397 881 incolarum
423 803 563 879 animos
589 806 633 887 ad
659 806 904 902 penitentiam
926 803 1157 898 cohortatus,
1184 806 1223 881 ni
1248 824 1380 906 agant,
1419 806 1508 881 alter
1532 800 1645 899 Jona's
1670 824 1723 878 ex·

198 925 353 985 tremam
377 905 517 983 cladem
551 907 826 982 interminatur.
862 906 939 980 Nec
975 929 1111 998 mora,
1145 926 1269 981 omnes
1294 911 1341 983 ad
1374 905 1501 982 seriam
1537 904 1735 981 criminum

199 1008 449 1107 poenitentiam
476 1009 653 1106 agendam
673 1009 853 1106 perduxit.
879 1004 983 1086 Unde
1007 1007 1157 1104 collige,
1183 1009 1269 1106 quid
1291 1005 1506 1084 censendum
1531 1006 1578 1080 de
1614 1003 1727 1082 famo·

198 1106 236 1187 sa
262 1107 300 1183 S.
327 1108 451 1185 Solani
479 1110 537 1187 seu
564 1109 772 1208 prophetia,
797 1108 856 1184 seu
879 1108 1187 1201 comminatione,
1211 1113 1259 1184 ad
1284 1133 1393 1212 quam
1418 1110 1489 1185 hoc
1514 1110 1600 1183 loco
1626 1105 1727 1207 respi·
1757 1120 1760 1125 ’

200 1210 313 1286 citur.
339 1212 503 1304 Scilicet,
529 1234 670 1308 repente
703 1208 738 1287 se
774 1208 1059 1309 conspiciendum
1085 1211 1228 1307 praebuit
1253 1207 1427 1308 frequenti
1453 1210 1622 1308 poptdo:
1660 1228 1729 1283 cte·

82 1393 85 1398 ,
201 1313 321 1411 pirque
345 1337 388 1388 ex
422 1314 505 1388 loco
540 1313 720 1388 eminente
756 1312 935 1412 propheta
969 1311 1091 1385 fimitis
1127 1337 1214 1388 uoce
1242 1332 1367 1387 tonare
1390 1310 1504 1387 Limae
1539 1306 1729 1385 subverso·

192 1438 307 1508 nem,
344 1435 448 1490 tanto
483 1415 616 1489 civium
652 1432 756 1490 motu
792 1432 833 1490 ut
858 1439 932 1488 nox
957 1415 1117 1512 plutima
1150 1414 1221 1489 dici
1247 1414 1366 1489 ultitni
1401 1411 1546 1488 referret
1577 1406 1727 1509 speciem

225 1542 271 1593 ra
295 1513 501 1592 consustoite
525 1522 560 1595 bt
586 1540 736 1613 pavore.
762 1514 811 1591 Et
835 1517 918 1613 quia
944 1539 1017 1590 non
1043 1516 1279 1612 templorum,
1304 1539 1379 1589 non
1411 1514 1641 1589 sacerdotum
1665 1509 1729 1587 sus·

200 1542 287 1696 iecit
314 1619 441 1714 copia,
469 1619 587 1715 palam
612 1616 851 1715 petulcos&
878 1618 1012 1711 plateas
1036 1617 1291 1714 evulgabantur
1311 1640 1457 1709 ‚arcana
1495 1612 1731 1690 conscientia·

200 1744 303 1796 tum.
330 1716 459 1815 Elapso
486 1740 645 1815 ternpore
663 1717 911 1816 'praenuntiatae
934 1716 1184 1813 desolationis,
1209 1719 1247 1792 in
1272 1718 1355 1791 urbe
1381 1718 1552 1793 incolumi
1592 1715 1730 1814 respira·

202 1843 329 1901 tctunt
356 1820 465 1895 cives.
493 1819 540 1897 Et
565 1821 603 1896 S.
628 1819 844 1911 Thuribius,
881 1820 940 1916 qui
969 1840 1054 1899 tunc
1079 1816 1281 1895 Litrtensem
1314 1820 1455 1917 regebat
1491 1816 1730 1915 Ecclefiam,

201 1912 362 2022 Protegis
387 1944 476 1996 nutu
508 1947 584 1997 rem
611 1941 728 1998 totam
755 1923 791 1994 in
828 1918 972 1995 causant
1009 1921 1178 1996 deducere
1204 1919 1371 2018 suscepit.
1406 1920 1586 1997 Solarium
1610 1942 1733 1996 coram

203 2025 344 2106 testibus
370 2026 587 2120 interrogat,
612 2047 689 2122 qua
711 2021 816 2098 uerba
842 2025 878 2098 bt
902 2022 1205 2120 unde'protulerit
1232 2048 1296 2120 pro
1321 2022 1516 2097 concione.
1551 2022 1733 2118 Repeten-

203 2128 250 2206 tis
276 2126 391 2201 sermo
416 2150 488 2199 non
514 2124 585 2199 fine
619 2124 801 2200 scribentis
824 2121 971 2199 ltorrote
1004 2142 1168 2223 exceptus
1192 2122 1261 2198 est:
1298 2147 1339 2197 ac
1364 2123 1409 2198 de
1447 2121 1550 2199 causa
1573 2124 1610 2197 se
1634 2123 1728 2197 nihil

206 2229 302 2305 aliud
326 2248 435 2324 quam
460 2222 639 2300 obediisset
663 2226 785 2300 divino
808 2222 1017 2299 mandato:
1054 2226 1150 2323 quod
1175 2225 1323 2323 dignum
1357 2221 1430 2299 fide
1453 2222 1535 2301 fecit
1563 2224 1630 2298 viri
1653 2221 1728 2298 san·
1775 2241 1781 2255 ’

204 2331 326 2412 airas.
351 2326 453 2402 Licet
480 2322 565 2402 verb
590 2325 659 2424 ipse
686 2323 827 2402 testatus
853 2322 919 2418 stt,
944 2323 1035 2399 nihil
1060 2322 1126 2400 nist
1151 2327 1292 2402 ruinam
1322 2325 1482 2401 civitatis
1514 2322 1726 2422 spiritualem

205 2426 397 2529 cogitasse,
423 2428 587 2526 exemplo
609 2449 733 2521 tamen
758 2449 961 2502 memorato
985 2422 1085 2524 Jonae
1108 2425 1238 2502 censeri
1264 2424 1398 2525 potest,
1426 2421 1729 2511 indita-diuinitus

206 2534 311 2610 verba
337 2532 572 2629 temporalem
595 2530 706 2606 etiam
731 2525 991 2603 subversionem
1016 2525 1245 2625 portendisse,
1268 2526 1438 2604 suturam·
1455 2527 1524 2605 nffi
1539 2524 1729 2629 -Deospe

205 2635 358 2713 uirentia
383 2632 607 2733 placaretur,
632 2650 674 2708 ut
698 2627 915 2728 fignificatut
939 2629 980 2705 in
1002 2631 1123 2707 relatis
1148 2628 1409 2709 constitutionis
1433 2630 1570 2710 terbiS.
1606 2662 1609 2667 ·
1676 2650 1691 2679 -·

562 2778 1127 2914 'onnrutrlo
1196 2760 1324 2916 'uxrf

667 3021 675 3037 ‚
742 2935 1209 3036 Ann01727.15.l²ebr.
1300 2944 1303 2949 ’

207 3137 340 3321 UT
362 3133 522 3215 officium
547 3139 728 3245 proprium
750 3144 789 3220 dt
812 3138 996 3240 respective
1019 3140 1119 3219 milla
1143 3142 1191 3218 de
1208 3138 1462 3225 Tramlatioue
1484 3134 1731 3220 Domustau·

329 3262 459 3317 tetanae
483 3242 527 3318 ab
550 3240 714 3318 universo
738 3244 835 3319 clero
859 3242 1016 3319 stculari
1041 3249 1078 3323 bt
1100 3245 1253 3342 regulari
1277 3244 1456 3344 utriusque
1481 3243 1593 3320 seruc
1616 3243 1728 3319 civita·

208 3346 257 3423 tis
281 3343 443 3421 Limane
467 3344 606 3419 recitati
632 3349 670 3421 bc
691 3344 856 3421 celebrati
883 3342 1024 3443 posset.
1057 3346 1114 3423 Ex
1132 3350 1279 3449 decreto
1301 3346 1339 3423 S.
1366 3349 1444 3427 Rit.
1466 3343 1729 3525 congegatio

209 3446 289 3542 uis,
312 3451 410 3547 quod
432 3446 598 3545 deinceps
625 3444 693 3522 toti
719 3442 918 3545 Hispania,
943 3452 979 3526 dt
1001 3448 1200 3547 regionibus
1225 3445 1581 3545 commonefactum
1659 3484 1682 3522 .’

510 3732 515 3740 ,
628 3645 1130 3732 oautnar1o
1204 3594 1424 3736 oit1r.''

746 3754 858 3835 Anno
886 3772 993 3852 1727.
1022 3775 1058 3855 3.
1084 3757 1198 3858 April.

304 3949 604 4035 TProvincialea
629 3956 817 4033 indiarum
842 3974 921 4036 tarn
944 3960 1175 4039 orientalium
1210 3986 1321 4062 quant
1352 3961 1634 4040 occidentalium
1666 3952 1737 4033 Ot-

328 4058 421 4135 dinis
445 4057 632 4137 Minorem
655 4059 966 4139 Discalceatorum
988 4065 1035 4139 de
1056 4063 1314 4163 Obseruantia,
1343 4066 1391 4141 ad
1415 4066 1633 4145 crestioucm
1661 4060 1730 4137 eol·

210 4162 387 4260 legionem
422 4159 482 4237 seu
514 4158 785 4250 seminariotum
819 4189 883 4260 pro
918 4165 1144 4244 miffionariis
1177 4164 1280 4262 juxta·
1303 4166 1462 4246 sottnatn
1495 4174 1534 4248 dt
1559 4161 1733 4267 priuilegia

208 4283 383 4341 contenta
410 4266 447 4336 ln
473 4259 650 4349 Breuibua·
664 4261 864 4342 innocentii
888 4264 954 4347 XI.
980 4272 1151 4369 orpeditir
1174 4296 1242 4369 pro
1263 4260 1463 4348 somloitiis
1496 4272 1546 4363 ln·
1564 4264 1732 4367 Hispania

209 4364 375 4441 devenire
401 4362 550 4457 possint:
577 4363 748 4443 reservata
773 4366 1039 4462 jurisdictione,
1075 4377 1111 4451 bt
1143 4374 1363 4449 novitiorum
1386 4360 1739 4472 ‘receptione-Midi-

209 4462 289 4543 sttis
325 4463 614 4545 &Definitoriie
633 4465 943 4549 Prouincialibtta.
978 4470 1036 4551 Ex
1059 4476 1121 4553 cit.
1146 4474 1283 4555 Bullar.
1316 4474 1362 4553 C·
1392 4496 1478 4578 174.
1503 4474 1641 4577 Incipit
1664 4472 1735 4548 ffl-

205 4591 290 4670 μγ.
314 4566 522 4649 Vichrd.
549 4570 636 4669 398.
662 4594 749 4668 410·
778 4588 867 4671 537·
921 4640 925 4649 .
1079 4596 1082 4601 ·
1128 4624 1131 4631 ·
1394 4630 1397 4635 <
1431 4596 1435 4603 '

200 4888 1741 4965 Ι”’“”’“““““···’--“···-·’·-···---·-ιιιιιιιι·-ιι-ι-ι---ιιιιιιιμ-ιιιίύ--ιιν

238 4998 843 5103 .(“.)·ΜᾶΜων-υ.ι.υο
1331 4996 1344 5011 “
1549 4964 1602 5050 su·
