3864 5686
375 355 424 428 ῳ
796 323 1374 399 Onnruarronas

323 471 572 548 oechamiento.
598 467 653 542 Ex
679 487 750 562 quo
776 465 886 538 etiam
909 460 1084 555 infertur,
1110 487 1171 560 per
1196 463 1442 540 conditionem
1468 459 1853 567 annumerarent,

322 599 433 749 quam
458 567 639 647 Darienfis
664 566 852 664 Episcopus
889 565 985 640 Indis
1012 565 1172 640 attribuit
1210 590 1332 640 coram
1358 565 1601 665 Imperatore,
1640 573 1732 648 aliud
1755 572 1861 672 figni-

349 698 430 749 care
454 667 597 746 voluisse
623 696 730 768 quam
755 670 960 745 servitutem
985 669 1135 743 herilem
1160 672 1196 745 d(
1220 668 1423 765 emptitiam
1447 695 1557 768 quam
1584 694 1689 748 antea
1722 676 1861 772 impro-

320 774 466 852 baverat
493 775 502 849 i
530 772 582 846 se.

427 875 485 950 Fr.
506 799 677 951 thomas
712 871 817 948 Ortiz
849 873 965 948 multa
992 870 1165 946 indomm
1190 873 1277 947 vitia
1316 876 1394 961 (a)
1422 873 1466 947 ad
1492 874 1649 973 Regium
1685 876 1863 955 Senatum
1912 948 1916 955 .

322 979 444 1055 retulit
470 1002 514 1051 ex
543 977 707 1051 America
728 976 835 1052 redux
860 979 957 1064 juxta
986 974 1177 1048 Herreram
1196 978 1232 1052 dt
1252 973 1454 1048 Gomaram
1479 975 1573 1070 (b),
1596 1003 1694 1054 auno
1726 1004 1739 1054 ι
1748 1003 1860 1078 525„

322 1102 362 1156 ut
390 1078 505 1154 censet
532 1079 699 1175 AEgidius
735 1079 917 1153 Gonzalez
950 1076 1105 1167 Darda,
1134 1078 1186 1149 vel
1214 1099 1311 1149 anno
1352 1096 1457 1173 1527.
1484 1098 1526 1153 ut
1551 1082 1741 1178 corrigitur
1775 1107 1795 1155 a
1823 1081 1864 1156 P.

320 1181 465 1263 Echard
490 1180 740 1256 Dominicano
766 1186 854 1270 (c).
882 1178 952 1254 Sed
978 1202 1198 1277 quocumque
1224 1201 1268 1251 ex
1292 1179 1347 1252 his
1373 1202 1470 1253 anno
1495 1176 1639 1255 fartum<
1654 1180 1720 1273 su,
1748 1181 1862 1259 ltca-

321 1283 378 1360 sas
404 1281 617 1380 Hispaniam
657 1308 731 1358 non
768 1284 940 1378 cogitavit
968 1282 1011 1354 ab
1037 1304 1133 1355 anno
1174 1302 1281 1376 1522.
1310 1282 1356 1355 ad
1396 1300 1534 1378 1530.‚
1559 1284 1729 1381 quoiam
1762 1283 1865 1360 Orti-

326 1387 400 1460 zius
424 1386 631 1459 Americam
671 1384 860 1482 repetierat
897 1406 1081 1480 nunquam
1108 1382 1281 1456 rediturus
1315 1382 1352 1456 in
1389 1380 1630 1480 Hispaniam.
1667 1385 1867 1484 Nunquam

322 1487 432 1589 igitur
456 1485 663 1589 Chiapeusts
688 1507 770 1561 cum
796 1483 939 1561 Ortizio
964 1486 1008 1560 de
1034 1483 1207 1560 Indorum
1232 1484 1439 1560 conditione
1464 1486 1661 1583 congressus
1686 1487 1759 1564 est.

679 1684 1268 1766 ORDINATIO
1370 1687 1510 1766 XXIX.

885 1788 1002 1916 Anno·
1025 1809 1132 1888 ¹514·
1159 1796 1195 1864 6.
1221 1788 1301 1886 Jun.

413 1992 598 2071 Oufirmat
622 1999 658 2072 ὃ(
682 1994 842 2070 extendit
879 1990 959 2069 Leo
984 1994 1032 2071 Χ.
1060 1993 1096 2066 in
1130 1990 1425 2092 favorem'Regis
1453 1991 1682 2092 Portugalliae
1718 1998 1866 2095 conqui-

439 2097 570 2173 starum
598 2119 828 2193 patronatum
855 2097 901 2171 ad
926 2094 1159 2196 quascumque
1185 2094 1344 2170 ecclesias
1370 2092 1522 2188 Africa,
1548 2104 1584 2175 d(
1610 2101 1759 2172 aliarum
1785 2124 1871 2196 pro-

324 2201 522 2275 vinciarum
558 2199 650 2273 ultra
688 2222 786 2272 mare
823 2199 860 2271 in
897 2198 996 2272 terris
1030 2194 1204 2294 acquisuis
1240 2202 1277 2273 dt
1303 2197 1541 2295 acquirendis.
1568 2197 1711 2274 Menrio
1745 2197 1787 2274 fit
1825 2200 1865 2275 in

323 2306 481 2378 formula
507 2298 704 2396 Juramcnti
734 2302 753 2373 it
779 2299 1004 2374 miffionariis
1032 2299 1211 2394 praestandi
1237 2299 1337 2388 juxta
1374 2299 1558 2376 decretum
1582 2301 1702 2377 Seren.
1737 2298 1872 2388 Portus

324 2406 439 2505 galliae
463 2403 587 2502 Regis.
615 2402 747 2504 Incipit
773 2400 993 2478 Constitutio
1017 2406 1111 2476 Dum
1128 2399 1233 2488 fidei.

644 2601 1290 2682 ¹ORDINATIO
1367 2606 1485 2684 XXX.

392 2810 442 2885 Er
468 2808 504 2882 id
540 2825 678 2905 tempus
704 2807 750 2880 ad
788 2805 992 2881 instantiam
1029 2805 1137 2901 Regis
1174 2805 1374 2895 Lusrtaniae,
1392 2833 1453 2907 per
1488 2809 1586 2885 suum
1620 2807 1657 2882 in
1692 2804 1870 2885 Romana

417 2910 528 2995 Curia
555 2929 737 2984 oratorem
762 2906 968 2983 Tristanum
993 2908 1036 2980 de
1064 2907 1192 2983 Acufia
1219 2907 1374 3003 factam,
1412 2909 1574 2986 concefftt
1598 2907 1675 2984 Leo
1708 2908 1753 2982 ad
1771 2931 1867 3003 ‚pro-

323 3013 541 3092 movendam
569 3013 606 3083 in
633 3007 756 3090 Africa
782 3014 819 3086 dc
844 3007 928 3083 Asta
956 3010 1136 3106 religionis
1162 3008 1329 3104 causam,
1355 3015 1477 3088 tertias
1496 3014 1711 3088 decimarum
1736 3008 1782 3085 ad
1801 3031 1864 3082 ec·

325 3112 511 3196 ciesrarum
537 3109 711 3187 fabricam
736 3109 955 3210 designatas,
984 3135 1025 3184 ac
1051 3113 1096 3184 de
1132 3113 1272 3210 reliquis
1296 3112 1524 3189 ecclesiarum
1548 3113 1732 3191 redditibus
1767 3109 1863 3184 deci·

315 3243 425 3302 snam
453 3234 610 3314 partem.
637 3214 708 3290 Sed
724 3212 809 3310 post
847 3214 1040 3289 triennium
1076 3211 1121 3288 ab
1145 3216 1328 3289 eradionc
1353 3213 1523 3292 ccffatum
1549 3213 1632 3307 est,
1666 3212 1817 3310 erogatis
1843 3211 1867 3286 d

325 3319 437 3394 Clero
472 3322 688 3393 centum-dc
723 3317 979 3414 quinquaginta
1014 3316 1113 3393 mille
1149 3317 1343 3392 cruciatis.
1379 3315 1508 3397 Refert
1545 3316 1746 3409 Mariana,
1770 3308 1876 3389 Hist.-

321 3421 412 3504 λετ.
438 3419 541 3515 Hisp.
566 3417 625 3506 lib
654 3437 715 3514 30.
743 3443 817 3517 cap.
845 3435 909 3514 23.

689 3616 1288 3698 ORDINATIO
1374 3623 1511 3703 XXXI.

867 3722 979 3797 Anno
1007 3743 1117 3820 1514.
1170 3748 1206 3798 2.
1233 3725 1327 3801 Nor.

416 3917 569 3995 Ontinet
595 3921 829 4018 donationes,
855 3923 1115 4017 concessiones,
1142 3929 1354 4026 privilegia,
1392 3948 1624 4026 patronatuS,
1659 3929 1864 4007 &concti-

442 4024 527 4094 data
552 4045 635 4097 cum
661 4024 815 4125 Regibus
849 4025 1011 4102 Castellae
1044 4029 1140 4103 circa
1165 4029 1362 4130 conquistas
1398 4035 1420 4105 a
1454 4030 1610 4108 Nicolao
1634 4029 1679 4103 V.
1715 4025 1865 4104 calino

325 4116 398 4199 111.
426 4119 531 4195 Sixto
556 4109 620 4194 IV.
647 4130 685 4207 &
710 4127 803 4199 aliis.
833 4127 890 4203 Ita
918 4129 1067 4204 habetur
1094 4131 1132 4204 in
1158 4132 1217 4204 cit.
1244 4135 1406 4208 formula
1422 4133 1637 4225 juramenti.
1665 4129 1863 4229 Incipitque

322 4218 505 4336 Ptaecelsae.
530 4220 579 4296 Et
603 4221 828 4303 constitutio
852 4230 942 4308 Sixt.
966 4227 1037 4308 IV.
1061 4230 1120 4305 bic
1146 4231 1324 4310 infinuata
1348 4259 1392 4313 ea
1416 4233 1467 4312 est
1490 4235 1586 4320 forte
1622 4256 1732 4336 quam
1754 4227 1859 4333 supro

319 4322 433 4405 fetuh
462 4345 559 4402 anuo
585 4324 696 4425 1484.

1731 4742 1820 4823 ott-

368 4981 421 5054 (2)
441 4977 513 5073 tude
532 4980 613 5057 infra
628 4980 701 5061 Orsi·
714 5000 769 5050 59·¹
794 4980 857 5054 ib]
877 4962 958 5046 Hert.
976 4988 1053 5060 stt«
1071 4989 1093 5046 Ι.
1107 4993 1133 5051 8.
1150 5009 1175 5050 e.
1192 5011 1237 5057 rs·
1251 4995 1395 5064 Garum.
1410 5015 1434 5058 c.
1447 5015 1514 5064 ιη.
1555 4995 1607 5071 (c)
1627 4995 1757 5071 Μαί,
1782 4988 1871 5067 Tene

323 5077 359 5126 ¹0·
386 5065 516 5133 tarsun.
534 5060 571 5122 O·
586 5062 625 5126 P·
641 5076 708 5134 m·
730 5065 781 5136 is·
1848 5062 1861 5113 '³

115 5132 338 5344 Λ
