3856 5678
261 328 332 415 175
691 315 1268 393 Onuruirrouas

206 464 335 557 copula
356 444 425 558 ‚per
444 460 519 533 trini
544 460 670 549 illata,
695 477 736 532 ut
762 477 858 555 patet
883 482 927 533 ex
954 478 1074 533 tenore
1100 464 1195 547 (a>:
1224 458 1264 532 ti
1289 455 1361 554 quii
1387 454 1545 532 relidtam
1570 450 1742 532 fratris...

207 564 357 637 carnalis
384 560 538 655 conjugii
565 559 751 635 crediderit
778 558 958 635 consortio
984 562 1213 653 violandam,
1240 566 1275 636 br
1302 556 1387 633 ausu
1411 557 1581 655 sacrilego
1606 559 1743 634 autho·

184 666 354 744 ,ritatem
379 664 505 738 divina
531 665 636 761 legis,
671 688 715 737 ac
739 662 815 749 jura
851 684 986 738 natutae
1011 665 1224 761 perruperit,
1260 667 1297 738 dr
1323 668 1379 738 cui
1406 660 1592 736 charitatis
1627 666 1665 737 δι
1691 660 1743 757 pii

208 762 502 842 assedussolatia
526 763 689 841 exhibere
714 762 907 855 debuerat,
932 760 1075 840 suorum
1099 765 1207 841 hollis
1234 790 1274 838 ac
1301 764 1480 862 pudicitiae
1516 782 1742 861 expugnator

209 868 282 942 vim
306 863 434 943 inferre
460 867 672 957 tentaverit,
698 864 894 962 apostolica
922 868 1147 942 authoritatis
1174 865 1347 941 sententia
1362 861 1534 956 feriatur.
1562 864 1742 961 Loquitur

208 970 321 1043 etiarn
346 969 393 1043 ad
415 965 556 1059 fideles,
582 969 642 1066 qui
669 969 689 1039 a
717 968 779 1042 tali
806 970 971 1064 coniugio
997 969 1223 1064 prohibentur
1249 970 1322 1058 jure
1349 965 1473 1042 divino
1491 970 1528 1043 δι
1545 964 1746 1059 naturali,

210 1067 270 1146 sed
295 1068 569 1167 prohibitionem
595 1066 782 1164 positivam
807 1068 1075 1145 ecclesiasticam
1099 1066 1331 1167 consequente
1357 1070 1457 1159 juxta
1491 1066 1594 1165 supra
1619 1067 1741 1142 dieta.

312 1171 475 1246 Tandem
510 1191 634 1261 nota,
671 1172 764 1245 inter
798 1168 984 1268 Pignatelli
1020 1170 1051 1267 J.
1078 1170 1123 1247 C.
1161 1170 1435 1247 consultationes
1472 1193 1513 1243 ac
1545 1166 1744 1244 decisiones

213 1270 286 1361 (b)
312 1294 436 1348 extare
458 1271 582 1347 illam:
597 1277 686 1363 Jure
711 1275 864 1346 naturali
891 1272 1094 1371 prohibetur
1119 1275 1250 1371 primus
1273 1274 1400 1373 gradus
1418 1269 1742 1369 consanguinitatis.

211 1374 299 1449 Hac
325 1393 446 1449 tamen
470 1372 601 1449 decisio
625 1392 722 1447 caret
747 1394 834 1449 uota
861 1376 997 1450 altioris
1020 1375 1189 1450 scribente
1217 1374 1464 1451 authoritatis:
1488 1374 1533 1449 de
1556 1400 1627 1472 qua
1652 1372 1747 1449 dum

211 1501 289 1550 non
313 1474 474 1566 constat,
501 1474 756 1571 probabilitatis
782 1475 952 1572 sphaeram
976 1501 1050 1551 non
1079 1475 1292 1552 transcendit
1317 1473 1467 1552 decisio.

264 1581 348 1665 (v)
374 1580 529 1649 Ecclemr
554 1578 699 1673 erigere.
725 1576 837 1674 Supra
861 1576 952 1657 Ord.
981 1602 1041 1653 22.
1067 1579 1203 1653 Adnot.
1232 1597 1267 1674 3.
1293 1579 1427 1654 dissum
1451 1575 1533 1667 est,
1569 1595 1748 1674 quatenus

212 1675 292 1753 iistis
315 1676 515 1765 hujusmodi
541 1676 802 1755 concessionum
827 1679 1001 1755 limitatus
1025 1678 1068 1755 sit
1092 1680 1166 1768 jure
1191 1680 1311 1754 indico
1336 1679 1515 1776 hispano.
1550 1677 1615 1752 Per
1643 1678 1746 1753 aliud

210 1780 436 1877 privilegium
470 1777 714 1855 Carrhusianis
751 1781 788 1854 in
824 1779 1104 1856 Cisterciensibus
1139 1778 1337 1856 concessum
1377 1776 1515 1878 possunt
1551 1777 1749 1876 superiores

210 1883 380 1959 ordin'um
406 1881 750 1957 communicantirun
777 1884 814 1955 in
838 1883 992 1980 grangiis
1016 1887 1053 1960 δι
1077 1883 1184 1975 locis,
1212 1883 1249 1956 in
1274 1883 1398 1980 quibus
1419 1905 1493 1956 non
1519 1879 1598 1954 sunt
1625 1882 1747 1977 capel·

210 1983 254 2055 la
279 1985 335 2054 vel
361 1980 538 2074 ecclesias,
564 1984 696 2081 aliquas
720 1985 870 2080 capellas
896 1984 954 2058 seu
979 1984 1135 2059 oratoria
1161 1983 1396 2074 constituere,
1423 1982 1608 2078 inquibus
1634 1977 1748 2057 misse

71 2080 80 2091 ’
211 2089 248 2161 δι
276 2085 347 2157 alia
373 2085 493 2159 divina
519 2082 637 2159 officia
664 2084 831 2158 celebrari
865 2084 995 2183 possint
1032 2083 1155 2183 absque
1181 2085 1326 2175 alicujus
1352 2084 1585 2185 praejudicio,
1610 2083 1752 2159 nullius

210 2184 352 2259 licentia
379 2183 563 2282 requisita,
589 2210 632 2259 ex
657 2186 760 2261 bullis
786 2184 921 2263 Urbani
948 2187 992 2258 V.
1026 2186 1278 2262 &Alexandri
1306 2186 1369 2260 Vl.
1398 2187 1526 2259 3citatis
1552 2184 1591 2258 in
1627 2182 1746 2259 Com·

210 2285 342 2383 pendio
367 2285 561 2363 Communi
587 2286 707 2363 Privil.
733 2286 815 2365 soc.
841 2288 888 2362 V.
923 2288 1149 2371 oratorium,
1185 2287 1307 2387 Neque
1346 2287 1534 2385 privilegiis
1570 2282 1747 2374 ejusmodi

209 2388 421 2483 derogatum
446 2386 513 2464 else
539 2413 599 2489 per
623 2388 829 2465 Concilium
854 2389 1107 2465 Tridentinum
1132 2394 1223 2479 (c),
1251 2389 1309 2463 ubi
1334 2390 1488 2480 dicitur,
1514 2388 1567 2464 Ne
1598 2385 1745 2484 Episco-

208 2490 1338 2668 arimmam
1362 2492 1443 2667 a
1461 2485 1746 2665 ,aaran

207 2689 331 2765 const.
357 2616 471 2768 heret.
501 2714 534 2791 3.
562 2694 654 2782 Maji
685 2714 814 2789 1575„
851 2715 891 2768 ut
917 2695 954 2767 in
990 2695 1155 2769 oratoriis
1180 2699 1215 2771 bi
1242 2695 1383 2792 capellis
1405 2747 1416 2785 ,
1436 2615 1519 2790 {ua
1553 2690 1747 2767 Societatis

208 2789 448 2871 Provincialcs
473 2795 591 2893 perse
617 2796 654 2869 iii
677 2794 864 2884 domibus,
891 2799 927 2871 δι
952 2796 1132 2892 collegiis,
1159 2792 1303 2891 aliisque
1328 2796 1441 2886 locis,
1480 2792 1537 2866 ubi
1564 2792 1673 2888 aliqui
1701 2792 1749 2869 de

208 2892 388 2969 Societate
412 2894 630 2989 residerent,
669 2892 943 2992 approbassent,
978 2901 1014 2974 u
1051 2897 1095 2970 ad
1120 2896 1281 2970 divinum
1318 2899 1458 2970 cultum
1483 2889 1745 2991 deputassent,

207 2991 314 3069 miffae
338 3001 374 3073 br
400 3000 471 3073 alia
496 2998 616 3071 divina
641 2994 760 3071 officia
785 3050 796 3086 ,
834 2998 977 3071 alterius
1000 2998 1143 3072 licentia
1170 2998 1320 3072 minime
1345 2995 1509 3095 requisita
1534 3049 1545 3087 ,
1571 2992 1747 3069 celebrari

206 3093 365 3292 possept.
391 3098 452 3175 De
478 3096 680 3175 visitatione
704 3096 790 3173 verb
815 3095 984 3189 ejusmodi
1011 3101 1251 3198 capellartuii,
1277 3099 1354 3174 vide
1370 3097 1473 3175 ,insta
1501 3120 1614 3171 anno·
1629 3114 1744 3193 1737.

208 3216 271 3294 31.
322 3226 443 3276 anuai.
1581 3257 1584 3261 .

256 3302 356 3391 (vi)
380 3304 456 3375 Sine
481 3304 622 3378 alterius
642 3303 848 3401 prejudicio.
875 3301 992 3378 Sixtus
1019 3301 1084 3377 lV.
1111 3304 1324 3394 declaravit,
1351 3326 1410 3400 per
1438 3303 1580 3377 alterius
1615 3301 1742 3398 ptaeju·

204 3399 339 3479 dicium
365 3400 550 3499 significati
577 3407 815 3502 prejudicium
842 3405 1040 3499 parochiae,
1065 3411 1100 3480 dc
1127 3430 1186 3500 per
1212 3405 1281 3479 hoc
1307 3429 1381 3478 non
1409 3403 1504 3477 aliud
1530 3400 1597 3477 nisi
1624 3422 1741 3477 extra·

204 3501 359 3676 {liopem
384 3505 605 3581 decimarum
629 3512 665 3583 br
689 3506 960 3602 primitiarum,
995 3524 1034 3580 ut
1060 3504 1166 3581 rescit
1190 3504 1344 3600 Joanucs
1378 3505 1423 3579 de
1451 3508 1483 3578 la
1509 3502 1604 3577 Cruz
1640 3502 1743 3599 apud,

237 3656 247 3675 .
303 3607 414 3690 orti(
449 3612 486 3693 ).

255 3709 361 3791 (vil)
388 3710 593 3781 Benedicere.
618 3702 917 3804 Qraiidoquidcm
944 3707 1017 3782 hacc
1043 3710 1216 3786 concessio
1241 3709 1332 3787 satta
1357 3726 1434 3783 erat
1459 3734 1522 3805 pro
1555 3707 1645 3781 locis
1672 3706 1734 3783 ubi

203 3804 367 3905 Episcopi
384 3833 459 3883 non
486 3807 576 3897 smr,
601 3805 668 3882 else
688 3828 827 3906 poterat
850 3827 990 3883 tamum
1012 3835 1055 3883 ex
1076 3811 1137 3886 usu
1160 3834 1259 3887 extra
1278 3812 1408 3887 limites
1431 3808 1740 3906 Episcopatuurnq

204 3910 259 3982 vel
288 3909 401 4000 intra,
427 3909 514 3983 dum
532 3910 593 3983 diu
619 3933 761 3986 vacaret
788 3908 903 3986 sedes.
930 3911 1051 3986 Neue
1079 3915 1123 3987 ad
1148 3910 1315 4001 ejusmodi
1344 3909 1607 3986 concessionum
1632 3908 1737 3985 usum

199 4005 329 4083 sufficit
354 4011 483 4106 quaevis
506 4010 659 4086 absentia
683 4011 823 4109 physica
849 4016 901 4086 vel
928 3938 1137 4110 personalis.
1164 4016 1224 4090 Sic
1249 4018 1334 4091 dum
1362 4012 1548 4110 requiritur
1583 4008 1741 4087 defertis

199 4111 465 4283 parochorum,
487 4133 527 4187 ur
545 4113 861 4210 Regularesluilici
888 4140 1015 4189 munus
1039 4116 1169 4191 obeant
1192 4117 1392 4215 parochiale
1418 4139 1461 4186 ex
1470 4111 1741 4188 Constitutione

231 4213 255 4284 ii
269 4211 333 4299 V.,
355 4237 463 4287 nemo
485 4211 575 4288 sanae
595 4216 724 4289 mentis
746 4232 848 4313 putat
870 4210 1024 4290 sufficere
1047 4215 1240 4295 absentiam
1261 4218 1438 4305 localem,
1460 4237 1522 4288 aut
1543 4212 1738 4311 quemlibet

198 4311 344 4407 parochi
366 4311 562 4407 deselliun,
589 4314 782 4389 sedomnts
807 4319 1013 4413 requirunt,
1036 4343 1081 4391 ne
1106 4317 1148 4393 sit
1160 4319 1354 4415 parochia,
1378 4318 1432 4389 vel
1442 4336 1484 4391 ut
1511 4313 1554 4389 sit
1565 4312 1738 4390 destituta

197 4410 380 4490 sacerdote
394 4416 581 4512 parocho,
602 4418 656 4491 vel
667 4420 727 4514 qui
754 4441 817 4517 pro
837 4418 993 4516 parocho
1018 4444 1061 4493 ex
1072 4418 1232 4516 Episcopi
1259 4418 1501 4495 commissione
1522 4416 1735 4514 parochiam

197 4515 441 4590 administret.
466 4515 562 4590 Hinc
590 4537 748 4617 tempore
773 4545 844 4617 quo
871 4516 996 4593 Insulae
1021 4520 1226 4619 Philippinat
1251 4516 1429 4618 Episcopis
1453 4540 1555 4592 erant
1580 4516 1734 4593 destitu-

1612 4640 1682 4710 ta,

192 4740 1735 4773 mmm-*⁸-

238 4799 298 4871 (a)
321 4804 498 4873 Cadmum,
519 4807 727 4873 apartium-i.
742 4828 767 4861 i.
779 4809 940 4867 Cratistus.
957 4806 966 4933 p
1023 4809 1082 4878 (d)
1103 4810 1216 4883 Quarti
1227 4849 1235 4877 ,
1255 4809 1342 4869 Rubr.
1362 4812 1394 4867 P.
1416 4829 1445 4875 3·
1465 4808 1514 4865 tir·
1538 4826 1583 4869 ¹9·
1600 4824 1681 4865 ‘num-
1707 4822 1735 4869 ¹·.

193 4880 277 4931 ¹¹⁸²·
321 4877 378 4947 (b)
401 4885 514 4951 [agnai.
533 4882 613 4949 apud
630 4882 759 4941 Abs-rav.
791 4884 937 4955 Passsucci,
956 4933 961 4963 ,
979 4886 1044 4955 less.
1069 4908 1093 4939 ι.

184 4950 231 5011 De
247 4954 463 5023 hispaniarum
479 4978 546 5030 pag.
571 4980 581 5012 ι
588 4966 634 5026 3⁸·
1018 4964 1069 5031 (e)
1085 4964 1185 5030 Ferri,
1204 4967 1275 5021 ,Ara
1299 4984 1345 5016 ιι.
1372 4966 1416 5020 De
1443 4960 1518 5025 Μ.
1546 4960 1680 5031 Censen.
1698 4976 1727 5017 n.

226 5028 258 5097 (θ
274 5030 286 5096 )
305 5031 394 5091 Tt't'd·
407 5038 466 5111 [effi
492 5058 536 5091 ιι.
558 5039 638 5095 Dect·
659 5036 701 5095 ΡΙ
721 5039 770 5097 cel.
790 5040 867 5113 Miff.
981 5062 1046 5109 qao.
1062 5058 1132 5110 pag.
1154 5061 1221 5109 eqo.
1241 5040 1302 5111 Res}
1326 5052 1371 5105 π.
1534 5066 1541 5077 ·
