3856 5678
256 276 341 371 pa
667 256 1257 345 onotuaatoutt

207 426 347 507 tatem,
372 404 562 501 adiuuant
585 408 625 489 bt
648 402 710 485 ubi
732 404 922 487 doliorum
946 400 1130 483 sententia
1153 408 1322 507 utruque
1340 402 1537 509 probabiles
1560 402 1754 495 memle-

207 532 320 611 rent,
343 510 572 613 sequerentur
596 510 784 611 opinionon
808 536 875 613 pro
898 509 1109 588 conditione
1133 510 1298 588 locorum
1319 514 1361 591 bt
1383 510 1578 591 boariorum
1597 512 1753 599 barbnia

71 666 75 677 ·
205 614 511 707 favorabiliorem
546 611 645 694 salva
680 614 824 693 interim
848 610 1028 716 utriusque
1052 612 1166 713 partit
1200 610 1425 695 authoritate
1445 612 1606 697 finenem
1639 605 1751 701 uolt

211 716 418 801 hominibus
440 716 616 797 sentiendi
647 715 870 797 libentttem.
1188 758 1193 767 ·
1641 776 1644 781 -

309 820 367 899 Etr
390 822 618 917 orlffionariis
634 820 807 899 videlieet
830 814 1134 919 alti-prebebifitu
1168 812 1238 897 ese
1260 818 1502 922 opinabantur
1510 826 1535 915 '‚
1570 842 1653 899 unu
1679 818 1748 905 effi

207 946 291 1003 vcta
316 925 551 1021 matrimonia
577 926 670 1003 inter
691 921 924 1013 Guaraniot3
949 921 1013 999 alii
1038 918 1253 1023 probabilius
1273 922 1346 1001 effe
1369 922 1619 1023 opinabantur.
1638 946 1746 1025 oppo-

203 1026 335 1105 sttutn.
361 1024 555 1129 Potuitque
577 1048 728 1127 utraque
750 1050 832 1125 pars
853 1024 1030 1104 sentiendi
1065 1024 1271 1105 libertatem
1295 1024 1497 1119 vindicare,
1533 1042 1670 1105 neutra
1697 1026 1743 1105 se·

206 1130 367 1209 eundum
391 1128 604 1211 sementiam
627 1128 689 1206 fibi
714 1130 832 1206 minut
856 1126 1076 1229 probabilem
1098 1146 1295 1229 operante.
1317 1124 1429 1209 Unde
1452 1152 1572 1227 noqtae
1596 1126 1743 1211 exPun·

205 1232 311 1311 tisrcis
334 1256 448 1337 neque
472 1258 516 1311 ex
539 1232 742 1311 Cardinalis
766 1230 931 1329 responso
955 1230 1148 1332 quidquam
1171 1226 1307 1307 suroris
1330 1232 1387 1309 tel
1424 1230 1664 1327 authoritatis
1692 1254 1742 1311 m·

204 1336 343 1423 dundee
367 1338 408 1414 in
431 1335 721 1435 probabilismum
747 1387 757 1407 .
783 1332 873 1411 Hae
890 1336 935 1411 'in
970 1334 1129 1411 veritat-ir
1147 1328 1361 1433 obsequium
1395 1332 1744 1431 admitte-libuitt

203 1462 289 1517 cum
314 1438 458 1517 credam
480 1438 528 1517 rie
552 1450 683 1515 eutero
702 1432 881 1515 referente
904 1434 1092 1515 corioni
1116 1434 1163 1512 ale
1185 1432 1293 1533 lugo
1316 1432 1503 1513 Pontificio
1539 1430 1739 1537 respunsrn

204 1546 243 1621 bt
267 1539 365 1641 quid¹
379 1536 450 1639 ipse
473 1536 677 1617 Cardintlir
700 1536 869 1635 sentiret,
895 1534 993 1615 sacili
1017 1534 1116 1715 laffit
1140 1532 1290 1637 potuisse
1314 1538 1429 1635 accipi
1452 1534 1561 1615 verba
1595 1532 1743 1619 resera·

205 1645 340 1742 ti'tpro
364 1640 590 1741 responfione
615 1642 638 1717 l
663 1638 837 1719 Pontifiee
860 1642 969 1735 data,
994 1644 1054 1719 bt.
1103 1664 1154 1715 na
1179 1634 1252 1715 fide
1275 1636 1425 1737 potuisse
1447 1640 1488 1715 in
1505 1660 1676 1717 emerem
1694 1644 1741 1719 lu·

204 1744 241 1821 bi
266 1741 497 1837 historicum,
523 1768 569 1821 ex
593 1744 692 1835 cujus
715 1744 922 1823 narratione
945 1741 1144 1821 desumitur
1162 1738 1290 1841 passnn
1315 1760 1395 1821 tota
1412 1740 1517 1833 butiro
1541 1738 1739 1841 probabis·

201 1846 256 1923 mi
282 1844 502 1947 probationis
527 1847 718 1949 allegatio.

614 2046 1124 2131 ORD'INATIO
1168 2046 1341 2129 cocvt.

737 2154 850 2231 Anno
875 2160 987 2253 ¹⁶45·
1016 2172 1077 2229 η.
1097 2150 1201 2251 Sept.

201 2350 477 2531 MIssionari
504 2348 654 2434 sinenses
677 2354 804 2435 debent
828 2352 1029 2433 elrriliianis
1048 2353 1328 2455 qnam-primum
1348 2348 1582 2453 baptizamur
1603 2351 1732 2435 inlima-

338 2482 377 2537 re
401 2460 470 2549 jus.
476 2456 670 2575 positivum
705 2478 880 2559 tanquam
914 2458 1174 2555 obligatorium
1197 2454 1260 2531 sub
1294 2476 1444 2557 peceato
1460 2454 1607 2535 leuuli
1637 2478 1730 2557 quau

200 2579 281 2638 tum
307 2562 354 2637 ad
378 2560 533 2654 jejunia,
558 2558 646 2637 sesia
670 2558 827 2655 seruam,
857 2556 1084 2639 &confiteri
1118 2555 1226 2635 semel
1251 2559 1290 2634 in
1315 2580 1413 2635 anno
1433 2562 1510 2651 ,ιὰ
1538 2558 1728 2639 cummuni·

196 2686 304 2756 care,
330 2686 375 2738 eo
410 2662 524 2741 modo
549 2686 622 2763 quo
653 2662 857 2763 obligantur
892 2660 974 2737 Indi
1000 2662 1039 2737 in
1062 2660 1171 2739 Nova
1196 2658 1431 2757 Hispania&
1462 2660 1503 2737 in
1531 2658 1656 2761 Philip
1676 2660 1728 2744 iuis

197 2764 299 2856 iuxta
323 2760 592 2863 dispostionem
613 2762 718 2845 Pauli
745 2763 820 2841 111.
847 2788 913 2863 pro
936 2762 1051 2839 indiis
1075 2762 1375 2841 occidentalibus.
1402 2760 1463 2839 Ita
1487 2760 1633 2841 resoluit

194 2866 360 2965 gregario
383 2866 428 2941 de
460 2862 695 2967 Propaganda
728 2870 768 2945 bt
803 2864 1038 2943 Innocentius
1061 2864 1111 2943 X.
1135 2862 1312 2941 obseruari
1347 2864 1510 2965 praecepit
1531 2862 1595 2943 urb
1630 2884 1728 2961 peut

195 2968 580 3049 excommunicationis
602 2970 687 3047 Sodi
711 2965 925 3067 Apostolicar
949 2964 972 3041 s
1008 2967 1150 3043 cialiter
1172 2964 1381 3061 reservatur,
1405 2986 1450 3055 ut
1472 2990 1519 3045 cx
1545 2962 1726 3047 lialereb

197 3066 485 3173 (a)⁵'Pignat'elli
511 3070 754 3149 abbreviatore
777 3064 885 3146 refert
909 3066 942 3167 J.
1002 3065 1178 3146 .Pittoni
1204 3066 1300 3159 (l).

624 3270 1320 3351 ADNOTATIONES'.

246 3478 305 3559 Fr.
331 3478 517 3579 Philippus
542 3476 587 3555 de
607 3476 850 3555 Carboneano
873 3472 1054 3553 Minotita
1077 3481 1151 3569 (c)
1176 3478 1215 3552 in
1239 3474 1378 3553 summa
1402 3474 1510 3570 lurjur
1544 3476 1723 3555 ordinatio

191 3584 249 3659 nir
270 3580 457 3675 ¹reserenda
481 3602 558 3655 non
582 3576 783 3656 discordat.
808 3582 972 3677 Suprema
1006 3579 1114 3672 (ait)
1151 3578 1196 3655 ln
1219 3577 1395 3657 uisrtionis
1432 3580 1584 3661 decreto
1614 3602 1724 3679 appui>

192 3684 302 3765 bante
321 3679 547 3759 'Innocentio
565 3678 616 3759 X.
643 3686 863 3775 ann01646.
891 3678 1104 3775 definitum,
1131 3704 1174 3758 ac
1286 3706 1391 3781 pona
1414 3684 1639 3767 etiamtiam
1654 3678 1726 3757 sen-

192 3785 315 3859 tentia
338 3782 724 3863 excommunicationis
747 3780 955 3879 misfionari
995 3782 1171 3859 observari
1196 3787 1436 3877 mandatum,
1462 3804 1505 3863 ut
1522 3786 1589 3877 tiras
1624 3779 1729 3883 posui·

192 3910 278 3963 vum
302 3884 578 3969 eeclefiaslicum
601 3887 856 3979 enuntiarent,
881 3885 1206 3984 observandumque
1231 3888 1333 3986 praeei
1377 3906 1480 3963 nont.
1505 3884 1569 3965 fn
1593 3884 1730 3970 dtubirnn

190 3988 310 4065 Sacro
333 3986 619 4091 congregationi
645 3986 868 4087 propositum
891 4016 905 4061 .·
937 3984 1073 4067 Utrum
1098 3986 1279 4067 christiani
1332 3986 1467 4066 tnensea
1491 3984 1562 4065 sint
1590 3986 1731 4089 obligati

190 4092 238 4181 ad
273 4089 531 4171 observandum
567 4089 632 4179 jus'
645 4088 836 4189 positivum
872 4110 1048 4191 quantum
1072 4092 1118 4167 ad
1143 4090 1298 4185 jejunia,
1335 4088 1523 4183 confiteri,
1559 4090 1735 4171 semeliu

190 4216 289 4267 anno
314 4190 598 4284 communicari,
623 4195 661 4271 bt
685 4188 772 4269 fella
799 4190 934 4267 servare
959 4216 1005 4268 eo
1029 4194 1144 4269 modo
1168 4218 1241 4293 quo
1265 4194 1469 4293 obligantur
1488 4190 1575 4271 Indi
1599 4196 1639 4271 in
1661 4190 1735 4271 Nu·

191 4318 238 4367 va
263 4290 460 4393 Hispania,
484 4296 521 4373 bt
547 4290 585 4367 in
608 4290 737 4371 Infulis
761 4290 971 4392 Philippinit
994 4294 1093 4385 juxta
1113 4292 1380 4395 dispositionem
1403 4294 1510 4375 Pauli
1536 4294 1654 4378 Tertii
1668 4318 1738 4391 pro

188 4392 303 4471 Indiis
327 4392 664 4475 occidentalibus&
688 4393 1006 4475 Meridionalibut.
1032 4394 1256 4474 Censurntnt
1279 4400 1339 4491 jus.
1358 4392 1739 4499 pontimecclefia

187 4494 315 4574 ilicum
341 4497 386 4573 de
410 4496 547 4587 iejuniis
561 4494 732 4575 absoluti
755 4496 915 4596 obligare
940 4498 1152 4576 chrislianos
1188 4498 1356 4595 fineuses,
1384 4506 1470 4581 &a
1507 4496 1738 4584 manain

188 4596 260 4679 lroe
283 4596 352 4679 else
376 4600 447 4675 illis
472 4600 756 4679 enuntiandum.
782 4604 937 4676 Artenta
964 4600 1048 4677 verb
1073 4602 1259 4699 regionum
1284 4612 1321 4683 br
1354 4602 1589 4703 personantnt
1624 4604 1738 4705 quali·

1334 4746 1343 4753 ..
1550 4752 1553 4759 ,
1572 4726 1691 4801 '‘m'’

225 4965 280 5035 (ὃ)
301 4967 382 5037 Pasc·
402 4970 436 5029 P·
458 4988 485 5025 a.
506 4966 554 5027 tit.
573 4968 620 5029 De
639 4966 836 5027 Missronariit.
873 4966 937 5039 (b)
958 4970 1031 5029 Pin.
1052 4974 1110 5033 cc.
1130 4972 1171 5031 ad
1190 4974 1342 5046 canfeffaep,
1362 4960 1440 5037 m,
1462 4980 1534 5045 ⁸5⁴·
1593 5006 1597 5011 .

226 5040 286 5115 (ί)
309 5044 394 5104 Cara.
414 5048 552 5113 dnum·
568 5046 616 5109 aa.
628 5048 727 5111 mue
747 5042 840 5117 Legib-
859 5048 895 5105 P.
915 5050 1044 5109 maraine
1058 5068 1127 5123 pag.
1149 5070 1215 5119 aaa.
1235 5052 1290 5111 ΕΑ.
1315 5066 1401 5117 ¹766.
1461 5078 1465 5083 -
1593 5080 1625 5093 ...
