3856 5678
530 317 570 393 n
592 336 622 392 r
644 336 677 395 o·
698 300 870 394 sno-i:
896 336 960 396 re
985 340 1044 395 ic.
1096 326 1216 420 ·1650·.·
1264 344 1380 423 1700:¹
1586 312 1671 432 '4233‘¹

182 484 256 555 nas
272 482 328 535 no
346 461 388 538 sa
408 455 501 534 aceti
511 513 526 532 ..
545 458 619 535 Sed
642 482 784 534 non-ne·
815 479 1003 558 acceptare·
1021 462 1144 538 debuit
1165 468 1182 536 ἓ
1219 464 1264 539 El
1297 463 1439 542 Catillo
1467 464 1719 550 Ecclesiastico·

181 566 235 642 de
257 559 404 637 Manilat
435 557 574 658 suplicii.
592 564 641 636 de
671 565 779 655 ella,
810 588 832 654 y
858 564 1001 638 temitio
1037 566 1071 638 la
1098 564 1257 665 supplica
1279 594 1344 666 por
1367 593 1422 642 utt-
1449 566 1570 647 Padtc-
1592 575 1636 647 de
1672 574 1709 651 Ia

183 667 225 743 h
247 667 429 764 comparia
442 717 458 737 ..
477 663 560 739 Hoc
587 666 710 739 restius
734 665 862 756 habet,
889 668 988 761 quod
1009 669 1070 741 via
1092 666 1361 767 supplicationis.
1380 688 1482 747 eatur
1493 726 1510 744 .-
1529 673 1711 771 Supplica-

182 768 322 845 tionem
349 788 500 857 tamen,
529 746 627 840 srsad
654 790 760 840 altres
788 767 994 842 Sandissrmi
1021 772 1199 866 pervenit,
1235 772 1375 847 lucrum
1400 770 1521 858 secisse
1551 798 1626 851 non
1651 801 1711 872 ap-

181 890 316 967 petet.
335 868 426 943 Imo
443 868 655 943 Benediitus·
674 867 779 943 XIV..
798 867 923 943 Consi.
949 869 1139 966 Apostolicae·
1152 868 1362 966 servitutis,
1387 873 1473 949 data
1499 871 1589 951 Kal..
1610 873 1710 951 Mar·

182 974 232 1048 tii-
259 990 391 1067 1741.,
416 996 530 1043 omnes·
547 974 588 1045 &2
608 967 766 1067 singulas·
784 973 1043 1048 Romanorum.
1062 971 1281 1048 Pontificum
1307 973 1592 1074 praedecessorum
1624 1003 1711 1054 con·

179 1071 404 1164 stitutiones,
431 1072 639 1168 illarumque
666 1073 864 1169 quamlibet
887 1074 1283 1173 contraquoscumque·
1301 1079 1447 1151 clericos
1475 1079 1619 1154 illicitos
1643 1090 1709 1160 lne-

177 1177 365 1275 gotiarores
388 1170 577 1249 confirmat
591 1227 607 1245 .,
626 1171 674 1247 Et
700 1172 878 1253 successor·
894 1172 1068 1252 Clemens
1085 1177 1198 1253 XIII..
1217 1175 1377 1276 Epistola
1403 1179 1448 1253 ad
1472 1177 1717 1266 Patriarchas,

183 1275 380 1366 Primates,
407 1273 719 1373 Archiepiscopos,
745 1279 781 1353 bt
805 1274 996 1376 Episcopos
1019 1280 1110 1353 data·
1135 1300 1198 1373 17..
1218 1279 1312 1378 Sept.
1330 1302 1463 1378 1759„
1490 1281 1711 1359 constitutio·

183 1400 247 1456 nes
272 1375 465 1451 confirmat.
488 1374 649 1450 aduersus
675 1379 819 1454 clericos
843 1381 1101 1476 negotiatores,
1124 1379 1385 1459 &saecularibus
1411 1385 1569 1479 negotiis·
1588 1383 1622 1458 se
1644 1386 1711 1457 im·

184 1478 440 1571 miscentes,.it
466 1476 763 1577 praedecessoribus
787 1484 966 1578 evulgatas
978 1536 997 1573 ,.
1016 1481 1205 1580 praesertim
1232 1481 1298 1558 Pio
1324 1483 1390 1556 IV.
1426 1482 1573 1560 Urbano
1600 1484 1715 1559 vlll..

184 1586 222 1660 et
247 1579 437 1655 Clemente
463 1580 549 1673 1X;‚
577 1605 653 1678 qttae
677 1580 727 1656 est
751 1584 923 1678 praesens,
943 1583 1121 1681 usquead
1147 1583 1373 1659 novissimam
1397 1581 1574 1663 Benedisti
1597 1643 1609 1678 ‚
1635 1611 1711 1663 non

186 1681 347 1761 obstante
359 1685 548 1757 contrario·
564 1683 724 1796 quolibet:
745 1683 809 1758 usu
822 1681 1119 1762 &consuetudine
1144 1689 1260 1762 etiam·
1280 1687 1578 1780 immemorabili,
1603 1713 1717 1786 quam·

185 1805 231 1863 ut
254 1783 600 1882 impraescri'ptibilem
625 1787 870 1882 corruptelam·
901 1788 1049 1864 damnat
1074 1842 1091 1861 ..
1121 1789 1181 1863 Ad
1207 1790 1432 1886 provinciam¹
1460 1789 1557 1885 quod
1583 1790 1713 1866 attinet

187 1889 415 1985 regularem,
436 1886 541 1977 cujus*
557 1888 673 1961 etiam·
693 1885 870 1984 Eugenius
895 1885 1036 1989 Lopez,
1062 1887 1279 1968 constitutio
1296 1889 1493 1966 Clementis
1519 1889 1591 1967 IX.x
1621 1892 1717 1966 olim·

186 1991 360 2066 irttimata.
378 1989 428 2066 est
455 1989 499 2062 ad
526 1987 789 2066 abundantiam-
809 2015 870 2088 per
895 1990 948 2068 R.¹
967 1989 1006 2065 P.
1020 1990 1368 2090 Paulum-loannem
1388 1992 1494 2069 Oliva
1516 2011 1600 2069 tunc
1623 1991 1723 2069 Prae·-

188 2089 350 2191 positum
369 2091 830 2184 Generatensocieratis‚
868 2117 950 2168 cum
987 2094 1204 2173 obedientiae
1223 2116 1405 2194 praecepto·
1435 2114 1475 2170 ut
1512 2092 1721 2171 observare·-

191 2213 278 2290 tur„
297 2215 338 2273 ut
363 2194 501 2271 constat
525 2217 576 2270 ex.
595 2195 696 2270 illius¹
714 2193 907 2272 Provincia
933 2195 1099 2295 regestis..

627 2401 724 2466 A'D
748 2398 840 2471 ΝΟ
863 2399 1016 2469 Τ’Λ’Τ
1041 2401 1177 2475 [ΟΝ
1199 2402 1231 2472 Ε
1254 2405 1310 2471 S'..

246 2604 315 2690 (1)¹
338 2596 492 2692 Personii·
510 2593 739 2685 eccleſsiliicii.
767 2595 828 2673 De
854 2597 987 2673 clericis
1011 2598 1207 2675 minoribus
1231 2598 1283 2674 est'
1306 2599 1397 2700 apud
1421 2595 1557 2699 Argi'rd'
1577 2599 1728 2699 sequens

190 2702 299 2776 Rotae
324 2700 455 2777 decisio
481 2705 563 2790 (a),
587 2702 630 2775 in:
647 2725 726 2774 una.
746 2701 921 2777 Romana.
942 2704 1145 2798 pecuniaria
1172 2724 1231 2800 14.
1244 2701 1355 2777 Mart.
1387 2723 1524 2799 1712.:’
1542 2703 1719 2816 Quamvis
1804 2766 1808 2775 .

190 2826 272 2878 non·
291 2802 407 2880 desint
433 2805 498 2901 qui
518 2804 737 2878 contrariam
762 2822 991 2902 propugnant
1011 2801 1224 2881 sententiam
1238 2823 1445 2897 ,attamen
1463 2829 1506 2879 ex
1544 2803 1725 2880 sententia

192 2905 300 2980 nostri
327 2903 422 2981 sacri·
441 2907 621 2980 Auditorii
649 2903 709 2978 illi
726 2928 807 2979 non·
823 2905 1170 3004 comprehenduntur
1189 2904 1259 2982 sub·
1276 2903 1428 3004 expressa
1452 2904 1729 3005 hucusquepro·

192 3008 368 3083 bibitione
393 3007 599 3104 negotiandi
614 3060 634 3097 ,.
651 3009 836 3105 valentque
861 3007 1013 3104 impune
1030 3007 1183 3081 cambiis:
1199 3010 1400 3105 negotiari,
1427 3014 1463 3085 ὃ(
1480 3028 1721 3082 mercaturam

193 3133 360 3184 exercere
381 3108 477 3206 aequb
504 3133 552 3182 ac·
572 3108 672 3182 lirici.
698 3106 768 3180 Sed
794 3110 949 3204 loquitur
973 3107 1221 3209 deminoritis
1247 3131 1321 3181 non
1348 3107 1565 3182 habentibus¹
1593 3105 1730 3182 heneti--

196 3212 316 3284 cium.
344 3207 396 3282 Et·
417 3210 453 3281 in
479 3209 548 3282 lroc
574 3207 679 3281 sensu.
697 3203 890 3282 conformis
914 3205 964 3284 est
988 3207 1126 3284 decisio-
1142 3206 1242 3305 Cap..
1260 3209 1414 3300 Clerici,
1433 3214 1484 3282 De
1509 3208 1729 3298 rotulando,

194 3311 262 3387 ubi
283 3308 381 3385 latta.
401 3309 534 3385 clericis
558 3311 669 3384 etiam
694 3308 871 3382 minoritis
894 3309 1131 3406 prohibitione
1155 3363 1176 3401 ‚.
1203 3331 1257 3381 ne·
1274 3333 1398 3383 coram
1423 3305 1577 3385 saeculari
1608 3309 1731 3398 judice·

200 3438 267 3512 pro
291 3412 448 3509 negotiis
472 3409 689 3486 saecularibus
717 3411 888 3485 advocati·
906 3408 1002 3486 fiant*
1018 3466 1039 3503 ,.
1065 3411 1205 3486 additur
1232 3411 1412 3488 conditio:
1449 3414 1491 3485 Si
1513 3406 1733 3498 ecclefiasiicis·

193 3513 360 3613 stipendiis
372 3511 612 3605 sustententur.
638 3512 789 3587 Citatus·
804 3507 941 3607 Argirbss
955 3509 1145 3587 sententias
1170 3513 1528 3606 conciliarenititur,
1556 3533 1603 3589 ut
1622 3536 1721 3589 nem·

196 3639 241 3714 pe
268 3620 379 3693 altera
404 3618 525 3690 locum
550 3615 712 3706 habeat„
727 3614 962 3688 ubiclericus
977 3613 1183 3692 necessitate
1199 3634 1356 3713 cogente.
1377 3616 1604 3714 negotiatur,
1632 3617 1721 3693 alte-

199 3744 246 3793 ra:
263 3718 330 3793 ubi
351 3719 532 3792 avaritia..

188 3832 194 3842 '
249 3824 330 3909 (ll)
394 3816 605 3897 uomodoliber
627 3817 871 3893 morabuntur..
888 3818 982 3891 Non·
999 3839 1094 3913 ergo>
1109 3813 1160 3889 est
1183 3816 1354 3906 dubium,
1380 3817 1465 3914 quin
1490 3817 1568 3891 hac·
1595 3815 1732 3893 consti}

197 3924 338 4000 tutione
364 3909 582 4017 eligentur,
609 3945 689 3993 non
710 3918 853 3993 tannim
877 3915 1084 3989 missionarii
1098 3971 1108 4005 ,
1135 3913 1193 3988 sed
1219 3940 1344 3990 omnes
1369 3919 1479 3990 etiam
1505 3917 1733 4014 parochi,&.

199 4025 392 4101 saecnlares·
411 4021 551 4095 clerici.
576 4017 624 4092 Et
650 4018 913 4116 supplic-atione:
928 4014 1088 4112 Capituli
1113 4014 1343 4109 Mundensis,
1368 4019 1422 4093 de·
1439 4043 1508 4116 qua
1533 4040 1672 4115 nuper,
1690 4019 1725 4093 id

196 4124 320 4228 ipsum⁴
339 4120 535 4199 suadetur.
573 4115 685 4195 Unde·
702 4121 754 4209 jus
777 4116 934 4191 Concilii
961 4115 1112 4191 Limani'
1128 4117 1268 4210 Tertii,
1294 4145 1365 4218 quo
1402 4121 1736 4195 excommunicatio·

1818 400 1856 416 ,e-

196 4224 383 4306 sententiae
408 4226 487 4299 latae
513 4224 696 4318 irrogatur
724 4221 938 4295 clericis&
966 4218 1139 4318 parochis.
1163 4221 1446 4319 negotiantibus,
1475 4222 1496 4296 a
1531 4220 1655 4299 Paulo>
1680 4222 1737 4298 V..
1820 4226 1829 4234 ““

199 4332 310 4427 supra·
331 4326 419 4402 Ord.
447 4344 541 4420 213..
560 4344 827 4421 temperatum,
846 4323 883 4397 in
909 4321 1098 4418 pristinum-
1115 4321 1217 4413 juttae.
1234 4321 1433 4400 severitatis
1448 4325 1611 4421 rigorem·
1629 4323 1725 4402 resti·

201 4450 331 4512 tutum.
358 4428 437 4504 est.
475 4424 606 4505 Restat
634 4446 675 4501 ut
712 4424 845 4524 praelati
870 4422 1063 4499 ostendant·
1093 4449 1153 4524 per
1178 4445 1388 4524 opportuna.
1406 4429 1507 4523 paris·
1535 4428 1737 4504 severitatis-

198 4534 396 4631 exempla,
413 4554 487 4604 non
511 4527 584 4605 elie.
604 4533 687 4618 jura.
704 4529 786 4602 haec.
803 4524 1082 4603 Clementinum.
1108 4531 1144 4603 ὃ(
1177 4525 1382 4601 Limonum.
1408 4523 1644 4605 desuetudine¹
1668 4529 1736 4603 de·-

296 4656 331 4710 ta
346 4691 354 4708 .

201 4659 326 4825 rogam
338 4743 361 4827 >2
377 4735 588 4814 Mercaturir
607 4727 659 4812 δ’
671 4730 980 4835 negotiationibus..
1005 4728 1116 4806 Ideni*
1133 4749 1290 4830 utraque*
1305 4755 1401 4807 voce:
1417 4725 1663 4832 significatur,
1688 4751 1740 4807 ut·

1621 4859 1692 4934 per·

199 4966 1746 4997 mmmm

246 5078 446 5156 (alidrgiro',
467 5095 530 5141 tene·
551 5079 648 5141 alib.
669 5086 696 5137 8:
715 5082 789 5158 Dispss
814 5102 858 5138 re.
876 5097 908 5138 ne
929 5097 1003 5150 Μ.
1024 5100 1102 5148 33¹·-

1229 5154 1341 5257 G‘gg,
1379 5179 1415 5232 2:
