3856 5678
530 333 1038 412 haustotrera.
1093 351 1203 434 1700.
1261 339 1371 435 1766,
1587 347 1668 442 509

191 479 317 568 tionis3
346 476 386 551 in
412 470 570 572 prasenti
594 471 680 548 verb
704 473 878 573 obligatio
903 469 1063 571 feriandi,¹
1081 499 1157 575 qua
1176 473 1254 562 ‚sola
1283 479 1423 551 tollitur
1448 502 1544 556 nova
1571 480 1717 560 Benedi-

189 587 234 658 eti
256 575 536 667 ‘constitutionq
575 600 651 651 non
687 573 736 678 ell
770 576 1069 675 impedimentum
1095 575 1274 676 potestatis
1299 575 1500 655 sclavorum
1533 584 1720 682 compulsi-

187 708 264 776 ιω
291 680 350 759 ed
373 678 449 755 hac
469 694 551 756 ctat
575 679 612 757 dt
635 673 684 753 est
709 676 877 777 impedita
902 702 964 777 per
989 680 1118 756 distant
1140 679 1397 778 praecedentem
1430 685 1722 784 exemptionem,

185 811 260 887 qua
284 780 391 860 sclavi
416 776 583 878 compelli
605 798 788 881 nequeunt
809 779 916 858 certis
937 781 1081 856 diebus.
1133 814 1135 818 ³
1689 804 1692 809 ·

298 883 356 960 hd
384 906 444 958 ro.
467 876 773 978 Quaanvislverba
809 884 884 958 Non
908 882 1143 983 compellantur
1176 877 1416 961 indifferentia
1437 881 1510 962 sint
1530 885 1584 964 ad
1616 884 1721 989 srgni

190 986 375 1062 licendum
400 983 660 1082 obligationem
683 987 721 1061 dt
746 980 934 1060 confilium
956 1011 968 1075 3
1003 981 1062 1060 sed
1089 985 1135 1061 ad
1160 980 1429 1083 fignificaudam
1464 988 1724 1088 obligationem

194 1089 500 1178 determinantur,
527 1102 605 1161 turn
630 1085 759 1162 excit.
785 1086 862 1184 lege
889 1086 1028 1179 indica,
1054 1085 1112 1160 ubi
1137 1086 1344 1186 exprimitur
1368 1089 1465 1186 quod
1500 1087 1601 1165 Inrsrs
1630 1092 1723 1175 delae

196 1188 263 1268 effe
287 1189 436 1265 liberum
462 1186 644 1278 laborare3
672 1207 750 1262 tunt
777 1187 958 1287 expressi,
981 1212 1072 1263 nam
1093 1188 1159 1262 'illa
1184 1187 1289 1264 verba
1308 1185 1514 1265 ‘reseruntur
1539 1193 1587 1268 ad
1610 1189 1721 1287 festa,
1808 1254 1827 1264 ,

196 1314 271 1392 quat
296 1308 456 1387 tempore
481 1285 635 1363 Concilii
659 1284 834 1362 Limensrs
858 1310 960 1363 erant
971 1286 1139 1386 Hispanis
1160 1308 1301 1363 tautum
1323 1288 1564 1386 observanda,
1591 1294 1629 1368 in
1648 1296 1723 1394 qui·

198 1395 260 1468 bus
286 1390 487 1468 communis
513 1389 746 1487 intelligentia
772 1385 844 1464 suit
868 1407 952 1464 ante
977 1390 1152 1489 praesentis
1175 1388 1373 1488 quaestionis
1397 1414 1541 1484 ornam,
1564 1418 1611 1471 ex
1635 1399 1723 1471 obli·

192 1495 345 1593 garione
370 1516 444 1568 non
467 1485 536 1568 esse
560 1489 822 1589 compellendos
845 1486 963 1565 servos
988 1492 1035 1566 ad
1061 1490 1243 1581 laborem;
1271 1513 1348 1566 tum
1373 1515 1417 1566 ex
1442 1517 1584 1571 matura
1620 1499 1723 1596 priva

193 1597 305 1696 legii,
331 1594 427 1683 cujus
452 1591 501 1667 est
526 1592 789 1689 privilegiatum
806 1589 1033 1688 deobligare,
1058 1591 1265 1690 &obligare
1290 1593 1439 1692 reliquos
1464 1619 1509 1671 ue
1533 1596 1637 1674 nsum
1659 1603 1725 1674 im·

200 1696 368 1796 pediam,
391 1694 449 1770 vel
476 1691 706 1789 prohibeant,

242 1821 245 1824 ’
303 1796 364 1872 nd
387 1799 452 1871 ult.
478 1793 567 1891 Legi
590 1789 753 1894 apposita
787 1788 953 1868 restristio
978 1791 1075 1869 cadat
1111 1789 1211 1892 supra
1235 1794 1393 1892 primam
1426 1817 1564 1894 partem
1599 1803 1643 1877 dc
1667 1803 1727 1878 ob-

198 1896 376 1976 servandis
401 1893 518 1986 sellis,
543 1919 618 1970 nou
644 1893 745 1994 supra
766 1892 961 1970 secundam
986 1894 1031 1968 de
1057 1891 1156 1969 Indis
1180 1918 1256 1970 non
1277 1919 1369 1973 occu
1394 1899 1510 1974 andis.
1533 1901 1654 1979 'Ratio
1678 1905 1728 1980 est

196 2003 319 2091 clara,
344 2022 430 2074 nam
455 1997 612 2095 alioquin
639 1992 827 2094 potuissent
851 1997 964 2071 etiam
988 1996 1156 2093 occupari
1185 2014 1269 2072 ante
1293 1923 1584 2078 conilitmionem
1614 2005 1650 2079 in
1675 2003 1728 2083 se·

196 2100 257 2179 stis
280 2098 544 2201 Hispanorum,
569 2102 607 2176 dt
627 2095 744 2173 tnodb
765 2099 808 2172 iu
832 2092 922 2174 seria
946 2094 1097 2172 secunda
1122 2095 1200 2193 post
1219 2095 1375 2196 paschae
1400 2105 1495 2198 qnod
1526 2126 1651 2183 om
1675 2131 1727 2184 re.

202 2220 333 2302 purant
357 2199 487 2277 salsum
510 2202 547 2277 dt
574 2198 781 2274 absurdum.
804 2193 911 2273 Licet
936 2216 1060 2273 autern
1076 2195 1253 2274 -restrieio
1276 2201 1364 2299 legis
1390 2226 1464 2278 non
1497 2203 1690 2305 distinguat
1714 2262 1727 2303 ,

200 2305 341 2380 ratione
366 2301 503 2377 absurdi
528 2301 625 2400 quod
650 2298 871 2396 sequeretur,
897 2297 1079 2374 reserenda
1102 2297 1220 2376 estad
1244 2323 1356 2377 unam
1381 2327 1450 2398 prae
1470 2305 1541 2380 alia
1565 2329 1725 2405 partem,

196 2426 242 2483 ut
277 2402 327 2580 abst
362 2401 522 2480 doslriua
558 2401 758 2477 communis
781 2397 1080 2497 theologorum,
1117 2404 1153 2478 dt
1175 2395 1385 2493 Jurillatum
1422 2406 1459 2478 in
1489 2407 1647 2486 trasiatu
1675 2419 1728 2487 De

196 2505 282 2605 Legi
301 2529 360 2582 ur,
1323 2504 1329 2515 ’

533 2702 1119 2791 ottorttatlo
1220 2705 1395 2795 Dxcvr
1557 2796 1560 2803 ,

751 2815 864 2892 >Anno
894 2832 1004 2914 175¹·
1031 2811 1067 2890 8.
1094 2810 1186 2892 Nora

204 3013 433 3190 Exposrto
458 3039 522 3112 pro
548 3036 648 3115 parte
669 3018 781 3115 Regis
805 3015 1027 3110 Catholici,
1063 3012 1255 3116 apostolica
1290 3016 1511 3117 providentia
1544 3039 1633 3120 optas
1665 3015 1733 3096 esse

212 3114 218 3125 '
314 3119 352 3191 in
378 3115 488 3191 Indiis
513 3118 788 3196 occidemalibus
808 3117 914 3217 super
938 3118 1009 3193 hoc
1035 3119 1131 3217 quod
1155 3116 1354 3217 parochiae,
1380 3121 1566 3214 dolitinae,
1594 3122 1733 3221 aliaque

200 3217 329 3295 officia
354 3219 401 3294 ad
428 3219 625 3295 animarum
651 3243 774 3294 curam
800 3220 1010 3316 pertinentia
1048 3241 1109 3320 pet
1132 3219 1309 3316 regulares
1331 3222 1507 3297 duntaxat
1543 3226 1611 3314 (r)
1643 3221 1733 3298 obti-

204 3340 339 3394 nentur
365 3324 401 3398 dt
427 3320 717 3398 administrantur
745 3324 781 3395 in
808 3324 880 3395 vim
907 3322 1106 3396 litteratum
1131 3322 1260 3419 Experti
1283 3320 1385 3398 Nobis
1410 3324 1431 3395 ὲ
1456 3320 1523 3396 Pio
1549 3321 1593 3396 V.
1620 3324 1731 3398 edita-

207 3446 290 3497 rum
318 3442 378 3518 24.
405 3419 519 3498 Mart.
550 3431 683 3521 1567.,
708 3419 830 3521 quibus
850 3424 1008 3496 aliorum
1033 3419 1249 3498 Pontificum
1275 3421 1561 3498 confirmationes
1588 3420 1730 3499 access'e·

210 3545 325 3597 runt:
360 3546 406 3600 ex
429 3549 501 3624 quo
536 3521 576 3598 lit
603 3547 643 3599 ut
669 3527 780 3601 clerus
816 3522 986 3597 sacularis
1012 3523 1056 3598 ab
1081 3523 1136 3599 his
1161 3524 1293 3599 muniis
1318 3523 1474 3599 exclusus
1510 3546 1730 3618 remaneat,

207 3651 282 3723 qua
307 3623 416 3699 dere
441 3624 623 3702 {radiatum
649 3624 811 3724 Episcopi
836 3623 1012 3724 conquesti
1038 3620 1199 3700 fiterunt:
1227 3624 1360 3700 idcirco
1387 3623 1457 3723 ipse
1479 3625 1650 3714 judicaret
1674 3652 1734 3703 ex·

232 3727 351 3802 ediens
375 3728 588 3821 concedere,
613 3747 654 3804 ur
679 3727 788 3802 distas
814 3726 998 3838 parochias
1020 3729 1131 3801 etiam
1153 3721 1368 3800 saeurhritus
1394 3725 1553 3804 conferre
1575 3725 1731 3826 possent,

208 3752 417 3906 benedictus
441 3829 576 3926 gavisus
601 3828 650 3905 est
676 3854 750 3904 rem
775 3828 842 3902 elle
870 3829 979 3903 talem
1000 3847 1044 3901 ut
1072 3825 1183 3922 pollet
1202 3824 1301 3918 Regi
1322 3829 1572 3922 complacere.
1598 3828 1732 3928 Suppo·

212 3927 368 4026 nensque
393 3931 591 4006 monachos
616 3938 651 4006 a<
677 3931 850 4026 regulares
876 3932 958 4016 (n)
985 3929 1131 4026 antiqua
1156 3921 1341 4022 disciplina
1369 3923 1421 3999 G.
1447 3928 1546 4039 Quod
1570 3929 1669 4022 Dei,
1696 3930 1733 4002 de

212 4037 306 4104 Stat.
334 4032 485 4104 Menaeh.
513 4030 692 4128 regiminis
730 4027 942 4125 parochialis
971 4024 1045 4101 ⁴else
1067 4048 1237 4124 capaces,
1262 4049 1306 4099 ex
1331 4051 1425 4102 nova
1451 4049 1525 4103 non
1559 4026 1623 4104 nist
1650 4056 1734 4128 apo·

213 4131 334 4207 stolica
361 4129 645 4232 dispensatione,
680 4154 757 4228 quae
788 4123 933 4204 nonnisr
970 4126 1121 4230 instante
1156 4125 1328 4226 Episcopo
1365 4130 1512 4204 concedi
1550 4128 1661 4225 solet,
1689 4130 1733 4206 alb

214 4231 389 4333 Episcopo
413 4258 489 4308 non
513 4230 747 4324 solicitanda,
783 4228 847 4304 nist
882 4229 1062 4305 necessrtas
1088 4248 1149 4304 aut
1171 4230 1310 4305 utilitas
1336 4229 1372 4304 id
1390 4227 1563 4307 suadeat.
1601 4231 1732 4329 Aqua

215 4360 342 4413 norma
368 4332 546 4411 discellill‘e
572 4332 721 4409 nonest
749 4331 923 4428 putandus
948 4331 1030 4407 Pius
1055 4330 1124 4423 V.,
1149 4331 1236 4406 dum
1273 4333 1448 4427 regulares
1474 4333 1519 4408 ad
1548 4332 1733 4432 parochias

211 4438 345 4514 habiles
369 4434 454 4513 lecit
481 4457 623 4535 propter
654 4434 936 4533 presbyterorum
973 4431 1176 4508 defessum.
1212 4454 1251 4505 :a
1296 4430 1487 4529 Postquam
1519 4436 1642 4511 retulit
1680 4435 1733 4509 in·

211 4540 378 4616 stantiam
408 4537 667 4637 Archicpiscopi
693 4536 897 4626 Musicani,
924 4556 964 4610 ut
992 4532 1054 4608 srbi
1081 4534 1227 4608 liberum
1253 4529 1336 4607 esset
1364 4534 1548 4630 parochias
1572 4533 1733 4611 conserte

211 4634 463 4735 sacularibus,
500 4642 538 4716 in
574 4639 681 4715 Sacra
718 4636 1006 4736 Congregatione
1040 4632 1198 4709 Concilii
1233 4631 1418 4709 discutiam
1454 4656 1491 4732 4
1528 4634 1599 4732 Jul.
1635 4641 1670 4713 dt
1697 4636 1732 4710 8.

211 4745 303 4845 Aug.
335 4766 468 4840 1722.,
495 4743 658 4820 concedit
692 4763 733 4816 ur
769 4741 928 4814 locorum
950 4734 1140 4812 Ordinarii
1176 4733 1491 4810 nonobstantibus
1515 4733 1569 4812 Pr
1606 4734 1731 4815 litteris

211 4854 227 4937 (
254 4846 398 4946 quibus,
424 4867 596 4948 quatenus
621 4867 707 4941 opus
734 4839 799 4933 srt,
825 4842 1009 4939 derogat>
1033 4835 1213 4912 saculares
1238 4836 1393 4913 clericos
1419 4838 1564 4915 idoneos
1599 4838 1646 4914 ad
1671 4864 1732 4937 pa·

206 4950 372 5041 rochias,
399 4951 595 5041 doslrinas,
621 4952 658 5024 dt
685 4945 755 5020 aha
781 4939 901 5017 officia
940 4942 985 5017 ad
1012 4942 1215 5017 animarum
1248 4961 1372 5025 catsant
1398 4941 1610 5038 pertinentia
1647 4937 1733 5017 allu-

204 5075 307 5130 rnere
331 5055 492 5131 valcant.
519 5070 559 5124 a
593 5048 803 5142 Declaratr,
822 5045 997 5145 regulares
1023 5044 1224 5120 auimatum
1236 5064 1372 5219 1{trram
1396 5061 1554 5140 gerentes
1578 5043 1617 5118 in
1643 5064 1734 5119 coa·

1199 5182 1212 5199 κ
1273 5165 1357 5221 cce
1608 5165 1684 5220 cer·
