3856 5678
549 318 1054 423 Aros'rorrcn.
1111 350 1383 441 mon-1563.
1606 347 1673 439 ,¹⁶3

215 486 438 565 Tucttrnaniae
463 479 675 585 Episcopus,
700 487 795 583 cujus
820 484 932 561 Edtut
959 486 1064 561 verba
1090 483 1191 561 sunt:
1217 485 1295 559 Nor·
1311 490 1358 561 D.
1386 485 1523 559 maer
1552 480 1657 573 Aipd
1682 482 1726 556 de

216 589 341 667 lllana.
356 643 365 662 .
381 642 413 663 ..
439 585 628 667 Hatriendo
654 586 804 663 visrtado
840 586 1118 685 personalmente
1152 590 1204 663 las
1230 585 1475 671 Reduccionea
1483 633 1606 661 ......
1641 585 1729 675 Solo

158 864 160 895 ,
216 684 1731 889 illel?transiliitlla3lllllitttlls‘ttl'ltttilllis}

158 958 160 1003 ;
214 896 376 993 deeqncl
403 893 599 991 apostolico
623 891 752 989 Jesuita
776 899 809 969 cl
836 892 875 969 P.
902 893 1064 971 Antonio
1094 894 1185 970 Ruiz
1210 892 1253 967 de
1279 890 1460 982 Montoya
1482 943 1504 984 „
1532 913 1599 991 que
1624 912 1670 963 en
1692 893 1729 971 la

158 1018 161 1069 ῑ
214 994 374 1093 smus:
398 994 588 1094 sspiritraal
611 998 661 1069 del
684 1002 860 1097 Paragny
883 994 1010 1077 escribe
1036 998 1073 1071 lo
1098 993 1292 1091 srguiente:
1318 992 1376 1075 En
1398 992 1655 1079 amaneciendo
1679 992 1728 1087 ri·

213 1096 390 1175 litnbamos
415 1100 470 1175 tos
495 1095 696 1175 enfermos:
721 1100 862 1195 detpues
886 1095 920 1173 se
945 1099 1044 1179 decia
1072 1093 1171 1171 milla
1198 1120 1221 1186 y
1246 1095 1407 1186 sermon,
1435 1094 1614 1184 cantatio,
1631 1091 1728 1169 ..ure-

158 1194 160 1285 ζ
214 1200 291 1277 tado
316 1201 350 1276 el
375 1201 580 1299 evangelio.
608 1199 824 1277 Sarabamos
849 1199 894 1273 de
921 1202 955 1274 la
983 1197 1105 1295 lglesra
1133 1201 1185 1273 los
1213 1194 1371 1287 infielcs,
1396 1199 1433 1269 lo
1453 1221 1519 1293 que
1545 1198 1632 1289 ellos
1651 1192 1727 1268 sen·

214 1303 279 1379 tint
301 1301 437 1377 mucho
459 1300 676 1379 envidiando
701 1304 722 1375 a
748 1300 1016 1377 loschriliianos
1042 1304 1075 1375 la
1087 1298 1192 1375 dicha
1212 1301 1244 1372 le
1266 1297 1489 1395 quedar.De
1515 1297 1596 1398 aqui
1620 1298 1727 1385 tracia

158 1446 160 1511 5
215 1403 454 1501 indiligencia
480 1402 524 1479 de
551 1405 718 1501 aprendet
743 1402 858 1500 presto
883 1406 919 1477 la
943 1404 1103 1478 doiirina
1131 1424 1214 1498 para
1239 1398 1449 1492 bautizarse.
1486 1398 1571 1475 Esto
1595 1395 1726 1489 mismo

216 1502 468 1581 consideramos
494 1504 707 1579 celebrando
731 1528 776 1579 en
802 1530 874 1585 una
898 1505 942 1577 de
967 1503 1090 1579 dichas
1115 1502 1360 1594 reducctones,
1385 1528 1408 1596 y
1436 1501 1640 1579 uniendoto
1662 1524 1728 1598 por

171 1670 174 1675 .
214 1602 283 1701 oda
320 1607 366 1683 de
401 1606 534 1683 mucha
568 1606 835 1707 irnportancia,
873 1605 907 1681 se
941 1608 979 1679 lo
1005 1606 1156 1683 diximos
1188 1625 1357 1678 enronces
1382 1606 1404 1677 a
1428 1604 1482 1677 lor
1518 1601 1726 1696 Padres‚y

158 1724 160 1795 j
219 1708 342 1783 ahora
370 1707 466 1781 selo
492 1709 681 1803 repetimos
707 1733 791 1804 para
816 1707 855 1782 su
881 1709 1070 1806 goviano,
1104 1705 1225 1781 dando
1257 1707 1278 1777 i
1304 1706 1393 1798 cada¹
1421 1728 1502 1778 uno
1525 1705 1568 1779 de
1603 1701 1727 1789 dichos

213 1806 333 1887 utres
357 1805 561 1885 affectuosas
585 1812 810 1909 gracias.
837 1809 913 1885 Affi
949 1812 986 1882 lo
1012 1807 1155 1908 proreio
1178 1832 1201 1903 y
1222 1801 1360 1890 nando
1396 1805 1434 1885 S.
1460 1804 1496 1881 S.
1522 1804 1553 1883 Ι.
1577 1801 1727 1907 enfesta

216 1912 334 1988 riudad
360 1912 555 1987 deSalta.
588 1935 634 1989 to
659 1912 703 1985 de
726 1912 811 1988 Dic.
844 1920 951 2006 1765.
1705 1994 1712 2005 ,

304 2010 352 2087 Et
378 2013 417 2087 in
441 2014 630 2091 dietamine
654 2013 716 2090 seu
740 2011 951 2093 resolutione
976 2011 1016 2089 P.
1042 2012 1177 2093 Didaci
1202 2011 1455 2103 Altamirano,
1491 2008 1538 2083 de
1571 2035 1641 2108 qua
1672 2004 1727 2089 su-

193 2140 267 2213 ·ptrt
289 2112 379 2189 Ord.
409 2112 481 2211 58..
497 2114 632 2190 Adnot.
666 2138 722 2208 t.,
748 2116 1016 2191 Gnaraniorum
1043 2117 1152 2191 timor
1174 2114 1362 2212 exponitur
1388 2137 1433 2187 ne
1469 2109 1667 2210 baptizatos
1691 2108 1727 2197 se

214 2212 271 2289 eise
295 2238 463 2312 negantes
488 2217 745 2293 interdicantur
769 2216 896 2308 sacris,
924 2223 958 2295 dr
983 2216 1090 2291 mill'ar
1116 2215 1263 2295 affistere
1286 2214 1561 2311 prohibeantur.
1588 2212 1648 2289 De
1666 2208 1726 2305 Ja-

220 2317 353 2413 ponihns
378 2318 525 2415 quidem
550 2321 723 2395 memoria
752 2322 930 2417 proditum
954 2317 1028 2410 est,
1054 2317 1194 2397 facilius
1219 2317 1363 2391 admitti
1389 2317 1433 2392 ad
1460 2312 1577 2405 sacra,
1609 2314 1725 2395 etiarn

219 2418 444 2507 idololatras,
481 2418 641 2494 sederat
678 2416 827 2494 facultas
864 2417 1020 2516 specialis
1054 2420 1254 2495 iSummis
1277 2414 1506 2499 Pontificibus
1541 2411 1724 2508 concessa,

219 2540 253 2595 tn
287 2521 391 2595 habet
427 2518 467 2595 Ρ.
505 2519 641 2596 Bartoli
669 2528 742 2612 (a)
778 2521 995 2609 curtraronss
1015 2524 1038 2594 l’
1056 2520 1176 2599 ulsreio
1200 2519 1357 2603 lunerale
1389 2518 1466 2609 (di
1501 2517 1553 2595 D.
1589 2514 1725 2598 Gracia

219 2621 320 2698 uerna
345 2622 383 2697 di
409 2623 538 2723 Tango
564 2629 579 2705 )
605 2647 625 2699 e
649 2624 684 2699 la
710 2619 817 2697 messa
842 2619 998 2721 presente
1024 2624 1049 2697 il
1074 2624 1152 2715 tte,
1177 2646 1198 2698 e
1222 2647 1294 2713 una
1329 2643 1431 2701 tanta
1465 2617 1723 2697 comitiva....

220 2722 278 2797 dre
296 2720 488 2822 passavano
514 2726 619 2803 millo.
638 2726 723 2802 nuti
750 2726 920 2801 idolatri.
953 2724 1050 2805 Edi
1125 2726 1205 2801 terli
1243 2744 1452 2805 ammettere
1486 2746 1531 2803 ne
1563 2744 1724 2807 avevano

219 2846 279 2901 eon
300 2836 397 2902 certe
422 2826 641 2924 ragionevoli
668 2827 869 2902 condizioni
895 2824 1039 2927 esprella
1082 2828 1200 2905 acoltit
1225 2827 1283 2903 dei
1307 2826 1458 2903 Somrno
1483 2826 1661 2915 Pontusve.

307 2927 366 3004 De
402 2926 575 3003 haereticis
600 2954 661 3025 per
692 2928 930 3005 Germaniam
965 2930 1015 3003 ait
1040 2928 1164 3006 Gobat
1200 2930 1291 3020 (b):
1328 2932 1402 3005 ll'ora
1436 2928 1554 3003 daneon
1589 2925 1725 3023 peccati

223 3024 406 3120 hunicos,
430 3031 492 3129 qui
527 3035 613 3104 daun
639 3032 789 3105 uastant
812 3030 859 3105 de
897 3027 1153 3122 conversione,
1179 3032 1224 3107 ad
1272 3055 1358 3107 uam
1394 3028 1636 3128 propendent,
1672 3027 1724 3103 in·
1823 3106 1830 3114 ,
1865 3072 1871 3079 -

220 3131 405 3227 grediuntur
431 3133 564 3223 templa
589 3153 630 3205 ut
655 3131 835 3207 observent
862 3131 1072 3209 cerimonias
1096 3128 1231 3207 sacras.
1248 3056 1364 3207 ilnde
1388 3154 1454 3209 nec
1488 3149 1612 3225 peccat
1646 3126 1722 3202 sua-

218 3228 309 3306 dens.
334 3231 395 3308 Est
421 3234 458 3305 in
496 3232 691 3309 Germania
728 3233 1075 3322 commissionum,
1109 3252 1148 3305 ut
1174 3231 1336 3312 nondum
1361 3231 1529 3307 catholici
1564 3227 1724 3313 intersint

219 3326 324 3427 sacris,
350 3331 540 3433 pracsertim
567 3336 675 3432 paulo
700 3355 784 3410 ante
811 3332 1077 3431 professionem.
1103 3334 1180 3411 Nee
1204 3333 1331 3409 dubito
1354 3333 1440 3430 quin
1472 3330 1579 3410 multi
1604 3330 1724 3417 ‚etiam

215 3434 387 3627 {ndentes
412 3443 448 3516 dt
476 3438 567 3514 dosii
605 3438 757 3511 riderent
784 3457 846 3513 aut
880 3437 1177 3539 indignarentur,
1212 3436 1315 3538 siquis
1353 3434 1455 3513 vellet
1480 3433 1548 3509 illia
1580 3454 1725 3509 movete

216 3578 221 3587 ·
258 3543 407 3615 nubam.

213 3676 219 3685 ·
275 3564 422 3741 PAliqrai
449 3665 533 3717 cunt
558 3640 719 3716 Tabiena
745 3641 836 3741 apud
862 3639 1096 3742 Castropalao
1122 3643 1246 3717 volunt
1265 3697 1284 3735 .,
1322 3638 1600 3739 prohibitionem
1625 3662 1724 3719 eont-

216 3744 454 3827 ntunicationis
479 3768 562 3818 cum
587 3744 704 3833 judaeis
728 3748 764 3819 dt
787 3741 992 3836 saracenis,
1028 3769 1104 3843 quar
1129 3743 1285 3840 specialis
1308 3742 1390 3836 ett,
1416 3742 1463 3817 a'd
1486 3756 1610 3821 om'nes
1646 3738 1725 3824 insa·

206 3843 293 3919 delos
318 3844 481 3922 extendi.
506 3844 576 3919 Sed
601 3845 754 3935 temere,
788 3844 1043 3942 prohibitiones
1068 3843 1202 3944 guipp&
1236 3842 1367 3921 odioso
1390 3841 1614 3919 extendenda
1648 3866 1726 3919 non

209 3942 281 4025 suttt
308 3947 353 4022 ab
376 3962 451 4023 uno
490 3948 691 4039 adalind,
725 3948 882 4023 maximi
907 3948 1049 4045 quando
1085 3951 1121 4021 in
1147 3947 1266 4036 judaeis
1301 3951 1337 4023 dt
1360 3942 1533 4019 saracenis
1565 3939 1725 4038 specialis

198 4048 251 4127 etl
274 4052 395 4141 ratio,
422 4069 462 4124 ut
487 4051 625 4124 notavit
648 4047 773 4126 Glolsa
797 4050 833 4123 in
858 4052 944 4121 Can.
975 4072 1031 4125 10.
1058 4047 1234 4126 xxvttt.
1261 4074 1294 4149 q.
1325 4072 1357 4121 1.
1383 4045 1430 4121 isi
1453 4045 1582 4142 Pagani
1618 4040 1723 4125 citiirs

199 4152 389 4229 trahuntur
416 4154 460 4224 ad
486 4149 592 4225 fidem
617 4176 727 4251 quarn
742 4150 870 4241 judai.
897 4146 1019 4248 Qum
1044 4149 1298 4247 promptissime
1309 4150 1356 4227 ad
1370 4146 1476 4227 fidem
1501 4168 1638 4229 cautere
1662 4142 1723 4225 In·

196 4254 284 4347 dos,
309 4254 401 4326 dixit
424 4250 524 4350 supra
551 4250 680 4329 Paulus
703 4253 868 4329 Tertius.
896 4250 944 4327 Et
969 4249 1093 4328 Glossa
1119 4255 1325 4348 marginatis
1352 4269 1433 4326 ante
1459 4276 1529 4327 can,
1546 4272 1577 4324 t.
1592 4254 1636 4324 D.
1651 4245 1720 4319 aad.

196 4356 325 4433 habet:
344 4353 454 4447 Jadaei
479 4351 616 4428 facilius
640 4351 781 4429 fallunt
798 4356 935 4431 animas
957 4379 1066 4453 quarn
1086 4356 1229 4455 pagani.
1256 4352 1362 4453 Qtod
1388 4354 1498 4428 etiarn
1525 4350 1723 4428 notandum

196 4456 249 4536 esi
273 4456 321 4530 de
346 4456 550 4545 Saracenis,
576 4458 620 4531 de
645 4457 766 4555 quibus
793 4457 865 4531 alii'
884 4480 999 4533 textus
1022 4457 1060 4529 lo
1083 4475 1239 4545 uuntur,
1266 4462 1302 4532 dt
1335 4457 1378 4530 de
1403 4455 1602 4543 hereticis,
1637 4476 1722 4548 quo

199 4586 284 4635 rum
308 4556 443 4633 aversio
468 4560 488 4629 it
513 4553 583 4630 fide
608 4563 643 4633 dt
680 4558 872 4655 pertinacia
898 4559 1012 4645 major
1046 4480 1095 4630 esi
1119 4583 1228 4653 quam
1254 4557 1290 4630 in
1315 4556 1507 4653 gentibus,
1534 4551 1723 4652 pracsertim

193 4660 323 4756 lodo,
347 4683 502 4761 quorum
528 4659 641 4760 pltuo
664 4662 820 4737 multum
844 4660 976 4737 habent
1002 4659 1045 4733 de
1072 4656 1281 4735 infidelitate
1303 4657 1489 4756 negativa.
1530 4754 1560 4833 p
1583 4686 1610 4832 S·

187 4790 194 4809 ¹
1438 4824 1441 4829 .
1562 4813 1571 4830 .
1610 4781 1673 4843 an·
1706 4822 1709 4826 .

176 5006 187 5017 “
228 5001 296 5074 ‘sal
310 5002 443 5070 doridi,
462 5002 556 5066 Storia
574 5002 624 5063 rie!
642 5002 729 5072 otap.
747 4999 930 5072 liin-aem.
952 5022 1017 5070 3¹4·
1038 5000 1112 5057 cirea
1131 5016 1237 5057 annum
1260 5006 1345 5054 roeo.
1406 4992 1468 5065 (b)
1486 4993 1596 5063 Gabar,
1617 4997 1722 5062 farer.

194 5096 271 5147 ms
305 5094 472 5154 utrm-396.
605 5110 608 5115 ·
1207 5152 1242 5232 X
1295 5178 1317 5228 2
1439 5134 1447 5155 ⁵
