3856 5678
512 325 796 406 Aeosro
820 343 844 401 ι
870 342 883 417 r
908 344 935 403 e
960 342 1019 403 n·
1074 330 1185 401 1600.
1238 333 1348 428 1650.
1569 332 1651 432 ‘363

170 461 308 564 tr'ficttm
332 463 429 545 circa
452 468 643 563 potionem
681 464 977 557 chocolaticam,
1013 472 1101 563 quas
1136 466 1291 564 plerique
1323 465 1484 568 theologi
1517 474 1701 569 parvipern

170 568 287 663 dunt,
314 564 456 643 etiamst
480 567 678 643 referantur
702 568 741 640 in
777 564 930 641 hilloriia
954 590 1030 639 non
1054 565 1172 642 miuus
1197 565 1266 642 fide
1298 569 1414 666 dignis
1438 588 1557 669 quam.
1577 571 1622 650 stt
1645 573 1702 648 hit

170 662 284 753 'llb'ria
308 671 389 758 (de
415 694 485 769 qua
511 670 558 745 ibi
575 674 613 761 ).
649 666 693 743 Id
726 668 843 751 videre
871 667 921 741 est
946 669 983 743 in
1009 666 1175 742 Leandro
1200 694 1221 743 a
1245 670 1308 744 SS.
1332 671 1567 748 Sacramento
1600 673 1724 767 (a),

170 770 224 859 fai
248 771 348 847 enim
373 773 499 868 quaerit
525 795 572 846 an
621 770 700 845 otio
725 768 947 845 cbocolatiea
974 767 1016 846 [ιι
1043 767 1200 843 absolute
1223 775 1261 847 dt
1297 768 1502 870 simpliciter
1526 775 1626 850 licita
1662 776 1702 850 in

170 872 233 961 die
257 872 379 967 jejunii
401 897 447 951 ex
470 895 580 949 conce
621 894 690 947 one
713 864 922 947 Pontificis?
946 870 994 948 Et
1019 870 1238 947 affirmativae
1253 870 1441 949 sententiae
1473 875 1704 953 authores&
1836 948 1842 956 .

170 972 412 1057 hmdamenta
430 973 627 1075 proponit,
651 996 780 1151 nempe
804 975 900 1071 quod
925 973 977 1049 ita
1002 975 1268 1089 declararetunt
1294 995 1365 1048 tres
1385 976 1528 1052 Summi
1556 976 1705 1053 Pontih·
1739 990 1744 998 '
1824 1056 1828 1062 ,

170 1086 259 1171 aea„
283 1078 455 1253 praecaute
476 1075 672 1193 Gregorius
681 1072 735 1152 XI
756 1073 789 1149 1
813 1082 918 1166 (non
942 1075 1073 1194 ΙΙΙ),
1099 1099 1197 1192 cutus
1213 1077 1496 1199 'declara-tionem
1514 1079 1618 1198 refert
1647 1080 1702 1153 lll.

170 1172 482 1371 With?
496 1174 658 1355 hila
670 1177 769 1355 Αἱῖὲ
770 1202 780 1251 ¹
827 1174 1459 1357 ¹ltl¹⁸l¹ll²¹ltl¹llllll
1483 1181 1593 1356 “Il
1629 1179 1704 1358 {Il

172 1284 234 1467 ΙΙΙ
259 1306 551 1482 Dtvhrpilcueta
577 1306 741 1458 NavarIo
767 1385 788 1454 a
815 1380 985 1473 instancia
1010 1382 1057 1477 cle
1075 1305 1117 1456 IIa
1142 1302 1323 1478 provigncia
1348 1384 1392 1455 de
1415 1307 1556 1483 Chidga
1571 1309 1707 1477 ,mdon-

174 1484 225 1573 ὼ.
244 1480 282 1561 se
308 1508 481 1569 ,comenzo
503 1480 575 1558 esta
600 1482 791 1560 bebedida.
817 1480 852 1559 Y
875 1507 946 1557 con
972 1480 1024 1559 ser
1049 1485 1084 1563 la
1110 1483 1291 1573 relation,
1316 1481 1425 1560 barto
1457 1487 1665 1561 encarecida
1692 1538 1705 1578 ,

173 1586 364 1687 adpondio
398 1586 433 1661 el
467 1583 565 1685 Papa
589 1609 662 1685 par·
687 1587 752 1661 dos
787 1607 885 1660 vezes
917 1609 985 1686 que
1009 1610 1059 1659 no
1083 1584 1258 1683 quebraba
1293 1587 1326 1657 el
1351 1587 1471 1663 aiano.
1507 1582 1556 1663 Et
1582 1609 1708 1664 tamen,

172 1686 291 1767 nudie
314 1685 504 1766 Leander:
529 1686 673 1785 Negant
698 1682 782 1761 verb
807 1687 869 1762 alii
893 1706 1091 1785 putantes,
1114 1709 1228 1784 neque
1253 1708 1297 1758 ιιι
1322 1684 1394 1761 hoc
1418 1689 1535 1784 capite
1568 1687 1636 1764 effe
1663 1690 1705 1763 li·

177 1792 292 1871 eitam
317 1791 506 1890 potionem
531 1786 794 1889 chocolaticam
828 1789 865 1862 in
889 1789 947 1863 die
972 1786 1126 1878 jejunii,
1151 1790 1235 1888 quia
1261 1804 1389 1882 putant
1413 1790 1524 1864 dietas
1550 1790 1706 1864 declara·

178 1894 297 1979 tiones
321 1892 445 1993 quibus
469 1892 696 1982 continetur,
719 1894 793 2008 Qua
818 1893 849 1963 rl
870 1891 1029 1965 reuocare
1053 1917 1088 1963 er
1111 1887 1326 1994 brbida,‚vel
1352 1915 1427 1966 nort
1451 1893 1553 1984 dari,
1577 1893 1634 1967 vel
1659 1890 1707 1965 de

174 1994 247 2075 illis
270 2019 345 2071 non
369 1992 503 2071 cossare
528 1991 756 2086 authentice,
783 1996 820 2070 δι
844 1989 891 2067 fic
916 1992 1056 2075 nullam
1080 1991 1210 2067 habere
1226 1991 1335 2066 trien.⁸
1351 1990 1547 2092 Hucusque
1569 2017 1706 2088 anony·
1807 2038 1811 2044 -

178 2122 260 2175 tntu
282 2098 376 2197 apud
401 2095 593 2173 ThIrlutn.

227 2198 361 2281 Relata
384 2194 603 2278 Pontificum
634 2193 796 2295 responsa
831 2191 912 2271 sunt
937 2198 1080 2295 quidem
1104 2197 1191 2274 vivae
1226 2197 1322 2272 vocis
1346 2197 1513 2288 oracula,
1546 2219 1624 2272 non
1654 2216 1709 2273 ta·

179 2325 266 2380 meu
290 2305 335 2377 de
360 2301 560 2390 revocatis,
584 2325 668 2373 cum
693 2290 761 2373 Irnt
787 2298 872 2395 pure
895 2297 1146 2391 declarativa,
1177 2317 1219 2374 ut
1242 2323 1286 2374 ex
1313 2320 1436 2374 tenore
1460 2317 1583 2394 patet:
1612 2301 1709 2376 certe

175 2404 363 2580 priuilegia
387 2425 463 2475 non
487 2397 566 2478 sunt
592 2399 656 2472 ulli
678 2399 890 2494 regularium
915 2396 1077 2472 instituto
1093 2395 1209 2483 faeta.
1232 2400 1311 2474 Nec
1336 2399 1365 2473 st
1388 2400 1613 2474 documentis
1622 2426 1710 2476 con·

208 2524 271 2578 ent
296 2501 367 2575 lide
391 2501 506 2596 dignis
530 2503 567 2576 bt
590 2499 760 2594 legitimis
782 2497 987 2596 requirenda
1012 2496 1061 2573 est
1085 2498 1201 2587 major
1225 2499 1479 2575 authenticitas
1504 2499 1552 2572 ad
1579 2499 1710 2578 resolu·
1839 2501 1842 2506 ’

179 2605 299 2681 tiones
322 2601 554 2678 doetrinates.
579 2598 619 2674 P.
645 2598 848 2677 Conciuam
872 2601 967 2674 male
989 2598 1097 2676 habet
1117 2654 1132 2692 ,
1153 2602 1248 2699 quod
1274 2602 1421 2676 oracula
1453 2597 1670 2677 Pontificum
1696 2659 1710 2697 ,
1841 2646 1844 2650 -

179 2705 303 2802 utique
327 2705 457 2781 Romae
481 2705 643 2802 prolata,
668 2700 752 2776 solis
774 2699 1030 2799 Chiapensrbus
1055 2703 1331 2795 Dominicanis,
1362 2709 1406 2794 ,dc
1429 2700 1629 2778 Mexicanis
1653 2703 1712 2802 Je-

174 2804 276 2907 fuitis
299 2826 389 2881 nota
419 2803 510 2880 sint.
545 2802 639 2880 Solis
662 2800 1095 2904 quidcm'Chiapenstbus
1119 2810 1158 2884 dt
1193 2803 1397 2881 Mexicanis
1419 2805 1505 2879 data
1539 2803 1620 2881 sunt
1645 2811 1716 2907 pri-

176 2907 264 3000 mb,
287 2932 354 2982 nec
379 2905 513 2983 mitum
537 2931 621 2980 curn
646 2907 888 2981 non'aliunde
915 2902 1095 2982 consultus
1118 2905 1161 2983 [ιι
1188 2905 1388 2998 Pontifex,·
1413 2911 1451 2984 dc
1473 2930 1530 2981 res
1555 2933 1603 2984 eo
1623 2927 1713 3003 tem-

177 3035 265 3111 pore
290 3006 398 3083 fuerit
421 3007 571 3105 Chiapae
595 3013 632 3084 dc
656 3004 807 3083 Mexico
829 3003 903 3082 sere
928 3008 1118 3106 peculiaris
1137 3011 1363 3104 &proprim
1387 3031 1456 3081 nec
1481 3028 1557 3087 tam
1589 3014 1712 3111 vulga·

178 3115 226 3193 cis
251 3128 293 3185 ut
318 3108 430 3182 modo
454 3107 504 3182 est
530 3111 568 3181 iu
591 3104 757 3203 Europa.
783 3105 882 3181 Nota
908 3107 1002 3179 verb·
1017 3106 1096 3181 sunt
1115 3104 1189 3195 jam
1214 3110 1327 3182 otiam
1352 3110 1469 3202 vulgo,
1483 3131 1529 3182 ex
1548 3136 1620 3206 quo
1637 3109 1714 3208 pas·

177 3211 248 3293 sun
287 3207 330 3283 ab
366 3209 572 3283 authoribus
607 3205 838 3298 referuntur,
863 3211 900 3282 dc
925 3205 1073 3300 abipso
1094 3207 1284 3284 Conclna.
1311 3205 1442 3304 Neque
1467 3208 1532 3281 rei·
1553 3233 1629 3284 non
1655 3236 1714 3287 ac·
1840 3245 1844 3251 ·

181 3309 306 3391 erescit
334 3309 533 3385 authoritas
558 3332 691 3409 magna
716 3333 761 3383 ex
784 3332 856 3406 quo
879 3307 1118 3382 Dominicani
1137 3315 1182 3386 bt
1202 3305 1343 3404 Jesuitae
1365 3310 1609 3384 conveniunt.

175 3500 178 3505 p
231 3413 436 3493 cardinalis
460 3408 695 3500 Brancatius,
719 3410 779 3509 qui
804 3434 889 3484 curn
911 3407 1097 3486 Cardiuali
1121 3406 1248 3486 Cozza'
1265 3405 1449 3486 sententia
1483 3411 1564 3487 beni
1614 3436 1643 3487 κ
1668 3413 1717 3489 de

187 3510 484 3613 eocholataeusu,
510 3510 763 3612 adstipulatur,
786 3512 953 3587 meminit
972 3510 1074 3589 bullae
1099 3511 1302 3605 cujusdam,
1326 3538 1396 3613 qua
1422 3510 1545 3591 Urban
1604 3517 1713 3597 u111.

184 3620 303 3699 eidem
327 3613 509 3691 sententiae
533 3611 656 3690 favet.
682 3612 799 3689 Verba
823 3613 909 3689 Em·
932 3611 1137 3690 cardinatis
1160 3619 1251 3714 apud
1275 3615 1528 3692 Concinams
1561 3698 1566 3715 ,Δ
1594 3636 1607 3693 t
1640 3612 1719 3702 ltu
1765 3612 1770 3633 '

182 3716 353 3799 ascl-scam
379 3716 469 3793 mihi
493 3716 565 3791 hac
589 3715 774 3792 allertione
799 3714 998 3813 praefidium
1019 3741 1065 3792 ex
1088 3715 1221 3793 alstrtis
1243 3719 1474 3795 summotum
1498 3718 1717 3805 Pontificum

182 3818 243 3903 Pii
266 3819 314 3894 V.
337 3818 505 3913 Gregorii
531 3816 638 3895 XIII.
659 3817 833 3916 Gregorii
857 3817 941 3894 XV.
964 3819 1268 3893 declarationibus
1290 3820 1413 3891 relatis
1436 3800 1675 3903 abfhlurtado
1699 3883 1714 3922 ,

176 3943 250 4017 ,aut
264 3929 320 3998 'ex
343 3921 438 3999 bulla
466 3918 604 3999 Urbani
624 3918 732 3994 vnt.
756 3918 854 4007 cuius
878 3919 1233 3993 memin'tHenricus
1254 3916 1440 4009 Stubaeus,
1463 3923 1500 3993 dt
1525 3923 1619 4017 prins
1638 3926 1717 4000 Pel·

183 4025 286 4107 licier
313 4023 358 4099 ab
380 4020 554 4101 Hurtado
587 4021 750 4110 relatus,
786 4016 945 4094 nostram
980 4015 1192 4094 sententiam
1228 4016 1542 4094 confirmantibus.
1576 4024 1637 4101 De
1660 4026 1720 4102 his

184 4127 289 4207 enim
313 4123 405 4201 mibi
420 4119 587 4227 legitime
609 4146 687 4197 non
711 4119 876 4212 constat,
898 4143 1014 4218 neque
1036 4119 1119 4194 illas
1141 4120 1240 4213 vidi,
1263 4143 1376 4218 neque
1401 4120 1440 4195 id
1464 4146 1487 4195 a
1521 4124 1607 4203 viris
1628 4153 1717 4228 quo·
1789 4116 1793 4125 ’

183 4252 272 4313 rum
297 4243 394 4301 certe
417 4227 661 4327 cognitionem
685 4219 817 4324 lugere·
830 4241 1107 4320 nonpoterant,
1131 4222 1271 4300 audivi.
1284 4221 1384 4297 11mo
1404 4247 1491 4301 cum
1513 4228 1720 4330 plerunque

173 4330 315 4413 'eoram
338 4322 514 4406 Pontifice
547 4353 608 4407 tne
642 4326 809 4431 prasente
832 4326 872 4400 in
895 4322 1150 4423 Episcopomm
1181 4325 1348 4401 examine
1369 4324 1447 4401 hare
1479 4331 1722 4412 controversia

183 4430 295 4515 fuerit
321 4427 524 4528 propofita,
544 4430 644 4509 nulla
668 4431 717 4505 de
739 4425 872 4505 allertis
893 4425 1001 4503 bullis
1021 4429 1162 4503 mentio
1182 4425 1276 4505 sadra
1297 4426 1362 4512 «ΙΙ.

181 4576 205 4631 ῃ
240 4532 448 4613 Benedetus
471 4528 599 4623 XIV.,
630 4530 714 4607 licet
748 4532 788 4607 in
812 4525 1026 4628 pontificatu
1060 4529 1152 4604 nihil
1175 4532 1274 4626 quod
1304 4527 1415 4602 sciam
1438 4527 1487 4603 de
1507 4529 1583 4608 hoc
1616 4556 1721 4631 argu·

183 4657 314 4733 mento
339 4635 511 4743 scriptum
532 4632 712 4731 reliquerit
738 4633 776 4708 in
798 4627 1145 4721 Notificatioutbns,
1169 4632 1258 4706 dum
1288 4625 1552 4705 Bononiensem
1584 4651 1725 4728 regeret

186 4734 383 4819 Ecclesram
395 4793 408 4831 ,1
433 4735 484 4812 ait
520 4737 612 4829 (c):
638 4734 677 4810 Si
700 4757 753 4811 erre
775 4732 988 4835 disputando
1009 4731 1046 4807 se
1070 4734 1109 4806 la
1133 4755 1254 4806 nuova
1286 4728 1447 4806 behanda
1481 4733 1542 4809 del
1564 4733 1722 4813 ciocola·

1116 4943 1335 4963 Μ

249 5003 286 5073 a)
305 5002 472 5082 &andr-P·
482 5025 510 5077 3³
521 5018 558 5062 tr.
575 5002 632 5065 ul·
646 5022 672 5057 r·
712 4996 768 5069 (b)
785 4996 924 5079 Pede’llu,
941 4999 1010 5072 ttr'e.
1029 4945 1115 5069 urge:
1135 4998 1224 5055 Μικ.
1241 4993 1294 5057 ΙΙΙ.
1306 5015 1335 5050 ι.
1351 5000 1471 5067 capae.
1573 5028 1576 5033 -

247 5079 285 5153 c)
304 5086 337 5144 Β.
353 5081 429 5157 xlv.
449 5079 543 5159 Neris·
561 5080 620 5141 XV·
640 5095 710 5149 ιω.
731 5097 757 5135 ι.
772 5086 932 5156 pag-166·
947 5095 1024 5151 m
1042 5095 1129 5151 lm·
1147 5074 1275 5226 &Vitae
1295 5130 1322 5222 2.

1608 4854 1669 4930 te,
1705 4857 1716 4868 ⁴
