3864 5686
153 186 230 275 3⁹⁶
564 170 1144 251 onninartottns

99 328 178 392 non
203 314 306 392 aliter
330 312 491 412 obligate
512 310 652 413 potsunt
676 336 786 412 qnam
809 310 922 410 potest
945 334 1064 389 merus
1088 305 1262 411 Magister
1285 307 1444 413 obligate

103 422 189 513 los,
226 442 353 516 nempe
378 418 650 495 determinando
684 442 747 516 per
770 414 978 513 potestatem
1014 412 1118 519 quali
1146 414 1410 491 oeconomicam
1445 448 1446 489 ;

104 522 222 622 quarti
246 521 407 617 decalogi
433 521 616 619 praeoepti,
641 539 682 594 ut
709 519 761 595 illi
789 536 977 595 teneantur
1001 518 1143 593 obedire
1167 520 1246 617 lege
1269 516 1393 595 divina
1415 522 1446 598 δι’

103 626 157 715 li,
183 644 224 698 ut
250 642 414 699 tenentur
440 620 507 697 filii
544 623 688 699 obedite
712 622 849 719 patenti
886 621 974 697 dum
1000 621 1155 720 precipit
1179 644 1249 712 ea,
1286 644 1365 719 quae
1389 640 1446 719 pat

105 723 207 901 ίίιιίἱ
227 722 348 909 sumfi}
364 724 413 801 Et
437 722 571 819 hujus,
607 724 722 823 inqait
753 722 904 817 Suam,
930 726 1066 827 generis
1089 720 1140 799 est
1174 720 1293 800 nostra
1320 720 1446 804 Unitet

105 852 183 905 ntm
207 850 302 903 rtcen
360 880 372 901 .

212 927 331 1019 Hujus
353 928 465 1003 etiam
488 930 627 1027 generis
652 944 754 1002 erant
778 944 956 1025 quotquot
981 925 1130 1024 collegia
1156 927 1211 1003 vel
1234 925 1348 1005 studia
1373 924 1446 1005 fitet

106 1031 171 1109 lus
197 1055 257 1129 per
282 1028 485 1130 praesentem
511 1030 776 1105 ordinationem
801 1026 893 1103 saeta
918 1026 969 1103 est
994 1026 1145 1127 potestas
1169 1026 1305 1125 precise
1331 1026 1446 1105 conset

111 1135 198 1211 du's.
224 1133 373 1209 Nullam
396 1133 522 1231 quippe
546 1128 821 1222 iurisdietionem
845 1128 1046 1209 habierunt
1070 1130 1239 1206 Redlores
1263 1132 1301 1205 in
1326 1132 1446 1230 gradu:

112 1234 259 1335 gistros,
284 1237 341 1310 vel
366 1234 548 1309 doelotes.
573 1233 635 1331 qui
661 1232 804 1307 aliunde
829 1229 955 1307 subditi
979 1255 1054 1307 non
1078 1227 1237 1325 suerint,
1263 1233 1318 1308 vel
1343 1232 1411 1308 nifi
1436 1260 1446 1311 a

114 1334 727 1527 llld²2d³lil⁰llllll
752 1331 831 1509 sid
856 1334 1266 1511 eddadem
1285 1334 1446 1536 {llll}

393 1492 404 1530 l
734 1490 746 1529 2
1285 1484 1292 1524 'l

116 1542 208 1617 didla
236 1466 457 1616 depsecundo
482 1563 610 1637 genere
646 1534 950 1633 Univerfitatum,
985 1539 1043 1611 vel
1067 1536 1113 1611 ob
1137 1536 1350 1643 potestatem
1382 1562 1446 1615 met

116 1644 203 1718 dum
229 1640 447 1718 studentium
482 1638 653 1731 interfit,
689 1638 789 1731 juxta
813 1638 906 1715 diat
942 1638 990 1714 de
1012 1640 1121 1714 tertio
1144 1654 1271 1737 genere
1295 1694 1313 1713 .
1343 1639 1446 1719 Licet

115 1741 412 1825 Universttatibus
437 1748 474 1823 ὅ(
498 1766 621 1819 earum
646 1739 853 1819 Reeorilus
876 1738 967 1817 desit
991 1736 1212 1834 iurisdietio,
1250 1739 1390 1839 poliunt
1414 1746 1446 1819 ni

117 1849 292 1923 mandata
317 1848 426 1938 dare,
463 1843 658 1921 &statuta
689 1840 805 1917 facere
830 1843 877 1919 ad
900 1844 1033 1919 renam
1068 1842 1185 1917 Studii
1211 1845 1442 1921 direllionem

118 1946 292 2045 Magister
318 1949 354 2021 id
380 1945 492 2046 potest
519 1950 556 2022 in
584 1949 686 2037 aula,
712 1942 1068 2042 &patrem-familias
1094 1944 1134 2018 in-
1147 1946 1262 2021 domo
1283 1946 1345 2021 sua
1371 1948 1410 2024 i'd
1432 1944 1446 2023 l

118 2046 155 2123 se
181 2050 304 2123 docuit
330 2073 395 2122 nos
420 2048 522 2147 snpra
546 2047 598 2123 D.
625 2047 796 2123 Thomas
817 2044 908 2122 ord.
934 2045 997 2142 78.
1024 2044 1166 2127 Adnot.¹
1192 2045 1227 2123 8.
1445 2063 1446 2079 ¹

174 2154 255 2239 (11)
282 2147 401 2245 Ubique
424 2153 584 2223 locorusn.
610 2147 670 2223 sic
697 2148 816 2225 ablata
841 2146 892 2224 est
917 2146 1117 2240 restrictio,
1143 2148 1189 2223 de
1213 2174 1283 2246 qua
1308 2145 1411 2248 supra
1445 2149 1446 2202 l

123 2248 236 2349 Julius
261 2248 406 2326 Tertius
430 2248 553 2325 Const.
590 2252 676 2327 data
712 2274 749 2343 ι.
772 2248 854 2324 ott.
886 2272 995 2347 1552,
1033 2245 1250 2324 concesserat
1285 2252 1401 2325 etiam
1440 2258 1446 2327 l

121 2352 332 2444 societatis,
362 2370 403 2427 ut
429 2350 614 2451 postquam
650 2352 808 2450 promoti
833 2349 975 2443 essent,
1011 2352 1176 2427 omnibus
1201 2352 1425 2453 privilegiis,

123 2454 199 2545 tis,
226 2454 531 2545 immunitatibus,
558 2452 872 2553 exemptionibus,
909 2452 1165 2546 libertatibus,
1193 2454 1446 2532 antelationibn

124 2556 210 2647 bus,
235 2557 383 2654 gratiis,
406 2560 443 2632 dt
468 2556 637 2647 indultis,
661 2554 784 2653 quibus
810 2556 872 2630 alii
898 2556 937 2628 in
1010 2553 1235 2655 ibuscumque
1260 2552 1446 2632 Universae

126 2657 271 2733 diorum
296 2655 500 2746 hujusmodi
523 2658 703 2753 promoti,
728 2655 886 2753 gaudere
907 2680 953 2755 po
1001 2676 1072 2729 nt.
1110 2656 1271 2755 Eamque
1304 2653 1446 2733 eoncetl

107 2812 110 2817 -
132 2757 247 2835 tendit
271 2756 355 2835 Pius
382 2754 542 2852 Qartus
573 2782 583 2829 ι
591 2782 629 2853 9.
657 2756 748 2856 Aug.
778 2766 888 2856 1561.
915 2759 962 2833 ad
985 2756 1221 2834 Scholasticos
1242 2778 1399 2835 externos
1426 2759 1439 2834 i

127 2858 261 2936 eisdem
284 2880 492 2958 promotos..
516 2858 662 2935 Horum
688 2878 813 2935 tamen
835 2858 917 2934 ustas
940 2858 1120 2955 permissus
1143 2880 1223 2935 erat
1250 2860 1424 2953 tantiam,

126 2986 178 3039 no
202 2957 299 3039 fuere
323 2980 449 3037 contra
474 2960 508 3035 el
533 2963 606 3035 real
632 2978 877 3059 pattonazgo,
902 2963 1008 3053 leies,
1035 2963 1195 3054 cenulas,
1227 2962 1421 3057 yordenn

127 3087 215 3163 pata
240 3063 280 3137 el·
300 3061 393 3139 buen
417 3063 589 3161 gotietno
613 3062 657 3138 de
683 3064 735 3137 las
760 3062 895 3138 hidiae.
931 3062 1030 3139 Nam
1055 3063 1328 3142 constitutiones
1363 3060 1415 3163 ln*

132 3165 204 3241 illis
228 3162 333 3257 sunt,
358 3190 509 3263 quanam
535 3162 615 3239 usus
638 3162 710 3239 hac
736 3185 878 3243 tant—um
905 3167 981 3263 lege
1006 3162 1187 3263 permissos
1211 3164 1261 3241 est
1285 3168 1310 3243 d·
1331 3166 1403 3245 Sen

128 3283 173 3363 με
197 3266 277 3345 vide
302 3264 403 3366 snpra
429 3263 520 3339 Otd.
548 3266 609 3362 78.
647 3266 695 3345 Et
720 3268 815 3365 quod
850 3293 925 3342 non
950 3268 1005 3341 ita
1028 3266 1271 3345 universaliter
1306 3290 1395 3355 tecet

134 3370 381 3547 quoadclthcau,
406 3370 444 3445 dt
467 3368 590 3472 quoad¹
612 3369 891 3471 praerogativas,
912 3364 1037 3447 suadet
1063 3372 1121 3447 lex
1148 3369 1183 3448 8.
1210 3375 1247 3450 dl
1271 3398 1310 3467 9.
1329 3358 1390 3453 tit«¹

138 3492 217 3575 top.
281 3495 299 3547 a
330 3494 350 3547 e
379 3526 396 3549 .

479 3672 985 3755 0=RDINAT10
1055 3675 1329 3759 001„le

377 3804 381 3809 '
674 3781 785 3859 Anno
813 3787 925 3881 16:34.
952 3802 988 3881 5.
1014 3783 1136 3879 Aprile

226 3978 381 4063 motum
397 3980 566 4061 conceffie
592 3981 755 4063 Urbanus
780 3983 892 4062 vul..
912 3981 1013 4085 poffe
1040 3986 1280 4064 tni'ffionari'os
1303 3986 1335 4061 in

163 4124 168 4135 ·
251 4082 311 4159 dis
371 4082 450 4159 sare
472 4086 511 4160 in
535 4104 622 4163 voto
646 4086 794 4186 fimplici
818 4084 989 4164 castitatis
1025 4088 1169 4167 inloto
1204 4086 1325 4167 consti·

136 4185 196 4261 bet
219 4183 486 4284 compendium
511 4185 675 4267 Indicum
701 4191 785 4267 ami
814 4208 929 4287 1737..
950 4189 1070 4265 Verbo
1102 4198 1245 4270 Votum.
1282 4190 1318 4288 11

135 4290 225 4365 Cum
238 4290 350 4376 ficar.
377 4286 448 4365 Sed
474 4314 551 4365 non
575 4292 686 4391 liquet
710 4291 800 4389 quid
820 4315 880 4391 per
905 4292 995 4367 illud
1021 4290 1164 4385 absolute*
1197 4291 1308 4393 signifi

136 4392 231 4467 tatio
258 4392 445 4492 temporis,
472 4416 528 4467 an
545 4391 809 4490 personatum,
844 4419 895 4470 an·
915 4394 1072 4492 qualitas
1094 4400 1170 4472 voti
1199 4396 1300 4472 absol*

135 4493 353 4577 limitatione
378 4493 425 4569 ad
449 4494 674 4592 neophytos,
697 4494 789 4571 item
809 4494 1120 4574 omlimitatione
1146 4499 1195 4574 ad
1220 4524 1290 4573 ann

135 4594 228 4673 datae
253 4592 436 4691 prasentia.
455 4614 617 4690 tempore
650 4594 817 4696 elapsos,
842 4598 917 4689 iam
943 4600 1046 4676 idem
1074 4601 1283 4699 privilegiun

137 4692 337 4875 cg‘ttdeelltn}
371 4698 410 4773 in
435 4692 702 4777 Constitutione
737 4700 869 4803 paritet
902 4701 1092 4805 incipiente
1125 4705 1274 4788 Anima

222 4816 310 4895 ,η
336 4850 354 4874 ..
489 4862 512 4875 ..
678 4836 683 4845 ·
