<?xml version="1.0" encoding="UTF-8"?>
<!DOCTYPE html PUBLIC "-//W3C//DTD XHTML 1.0 Transitional//EN"
    "http://www.w3.org/TR/xhtml1/DTD/xhtml1-transitional.dtd">
<html xmlns="http://www.w3.org/1999/xhtml" xml:lang="en" lang="en">
 <head>
  <title>
</title>
<meta http-equiv="Content-Type" content="text/html;charset=utf-8" />
  <meta name='ocr-system' content='tesseract 3.04.00' />
  <meta name='ocr-capabilities' content='ocr_page ocr_carea ocr_par ocr_line ocrx_word'/>
</head>
<body>
  <div class='ocr_page' id='page_1' title='image "./fastinoviorbise00moregoog_0276.png"; bbox 0 0 3856 5678; ppageno 0'>
   <div class='ocr_carea' id='block_1_1' title="bbox 462 308 1602 406">
    <p class='ocr_par' dir='ltr' id='par_1_1' title="bbox 462 308 1602 406">
     <span class='ocr_line' id='line_1_1' title="bbox 462 308 1602 406; baseline 0.002 -24"><span class='ocrx_word' id='word_1_1' title='bbox 462 308 599 384; x_wconf 80' lang='lat' dir='ltr'>Aeo</span> <span class='ocrx_word' id='word_1_2' title='bbox 623 326 642 383; x_wconf 87' lang='lat' dir='ltr'>s</span> <span class='ocrx_word' id='word_1_3' title='bbox 667 327 692 383; x_wconf 83' lang='grc' dir='ltr'><strong>τ</strong></span> <span class='ocrx_word' id='word_1_4' title='bbox 716 326 747 385; x_wconf 91' lang='lat' dir='ltr'>o</span> <span class='ocrx_word' id='word_1_5' title='bbox 772 329 795 385; x_wconf 84' lang='lat' dir='ltr'>t</span> <span class='ocrx_word' id='word_1_6' title='bbox 821 328 832 385; x_wconf 95' lang='lat'>1</span> <span class='ocrx_word' id='word_1_7' title='bbox 858 330 885 387; x_wconf 85' lang='lat' dir='ltr'>c</span> <span class='ocrx_word' id='word_1_8' title='bbox 910 328 969 385; x_wconf 69' lang='lat' dir='ltr'>a.</span> <span class='ocrx_word' id='word_1_9' title='bbox 1029 310 1142 406; x_wconf 56' lang='lat'>¹5⁶4?</span> <span class='ocrx_word' id='word_1_10' title='bbox 1192 316 1299 384; x_wconf 83' lang='lat'>1600.</span> <span class='ocrx_word' id='word_1_11' title='bbox 1521 312 1602 406; x_wconf 80' lang='lat'>2⁶5-</span> 
     </span>
    </p>
   </div>
   <div class='ocr_carea' id='block_1_2' title="bbox 163 444 1784 3302">
    <p class='ocr_par' dir='ltr' id='par_1_2' title="bbox 163 444 1784 2283">
     <span class='ocr_line' id='line_1_2' title="bbox 178 444 1641 543; baseline -0.001 -16"><span class='ocrx_word' id='word_1_12' title='bbox 178 467 298 528; x_wconf 81' lang='lat' dir='ltr'>tcecnt</span> <span class='ocrx_word' id='word_1_13' title='bbox 326 500 335 521; x_wconf 91' lang='lat'><strong>.</strong></span> <span class='ocrx_word' id='word_1_14' title='bbox 364 500 373 522; x_wconf 88' lang='lat'><strong>.</strong></span> <span class='ocrx_word' id='word_1_15' title='bbox 403 504 411 522; x_wconf 90' lang='lat'><strong>.</strong></span> <span class='ocrx_word' id='word_1_16' title='bbox 440 446 565 525; x_wconf 86' lang='lat' dir='ltr'>Verius</span> <span class='ocrx_word' id='word_1_17' title='bbox 592 449 753 524; x_wconf 84' lang='lat' dir='ltr'>dicebam</span> <span class='ocrx_word' id='word_1_18' title='bbox 778 445 846 523; x_wconf 83' lang='lat' dir='ltr'>etse</span> <span class='ocrx_word' id='word_1_19' title='bbox 871 450 1043 524; x_wconf 90' lang='lat' dir='ltr'>unionem</span> <span class='ocrx_word' id='word_1_20' title='bbox 1068 445 1200 526; x_wconf 75' lang='lat' dir='ltr'>factam</span> <span class='ocrx_word' id='word_1_21' title='bbox 1225 472 1299 526; x_wconf 90' lang='lat' dir='ltr'>non</span> <span class='ocrx_word' id='word_1_22' title='bbox 1325 444 1545 543; x_wconf 85' lang='lat' dir='ltr'>acceil&#39;otie,</span> <span class='ocrx_word' id='word_1_23' title='bbox 1582 447 1641 525; x_wconf 88' lang='lat' dir='ltr'>scu</span> 
     </span>
     <span class='ocr_line' id='line_1_3' title="bbox 164 549 1645 652; baseline -0.001 -27"><span class='ocrx_word' id='word_1_24' title='bbox 164 552 289 643; x_wconf 65' lang='lat' dir='ltr'>›iestive</span> <span class='ocrx_word' id='word_1_25' title='bbox 325 574 387 650; x_wconf 83' lang='lat' dir='ltr'>pet</span> <span class='ocrx_word' id='word_1_26' title='bbox 423 551 519 624; x_wconf 87' lang='lat' dir='ltr'>viam</span> <span class='ocrx_word' id='word_1_27' title='bbox 558 554 744 626; x_wconf 87' lang='lat' dir='ltr'>alluvionis</span> <span class='ocrx_word' id='word_1_28' title='bbox 776 549 835 625; x_wconf 86' lang='lat' dir='ltr'>seu</span> <span class='ocrx_word' id='word_1_29' title='bbox 874 551 1139 643; x_wconf 81' lang='lat' dir='ltr'>additamenti,</span> <span class='ocrx_word' id='word_1_30' title='bbox 1175 553 1233 628; x_wconf 86' lang='lat' dir='ltr'>scd</span> <span class='ocrx_word' id='word_1_31' title='bbox 1270 553 1386 649; x_wconf 88' lang='lat' dir='ltr'>potins</span> <span class='ocrx_word' id='word_1_32' title='bbox 1420 574 1516 650; x_wconf 84' lang='lat' dir='ltr'>aeque</span> <span class='ocrx_word' id='word_1_33' title='bbox 1551 554 1645 652; x_wconf 88' lang='lat' dir='ltr'>ptin-</span> 
     </span>
     <span class='ocr_line' id='line_1_4' title="bbox 164 651 1644 753; baseline -0.003 -20"><span class='ocrx_word' id='word_1_34' title='bbox 164 656 269 733; x_wconf 73' lang='lat' dir='ltr'>anter</span> <span class='ocrx_word' id='word_1_35' title='bbox 302 658 339 731; x_wconf 75' lang='lat' dir='ltr'>dt</span> <span class='ocrx_word' id='word_1_36' title='bbox 387 678 446 753; x_wconf 87' lang='lat' dir='ltr'>per</span> <span class='ocrx_word' id='word_1_37' title='bbox 485 653 580 727; x_wconf 85' lang='lat' dir='ltr'>viam</span> <span class='ocrx_word' id='word_1_38' title='bbox 618 655 880 728; x_wconf 84' lang='lat' dir='ltr'>communionis</span> <span class='ocrx_word' id='word_1_39' title='bbox 925 652 985 728; x_wconf 88' lang='lat' dir='ltr'>seu</span> <span class='ocrx_word' id='word_1_40' title='bbox 1028 651 1189 728; x_wconf 79' lang='lat' dir='ltr'>societati</span> <span class='ocrx_word' id='word_1_41' title='bbox 1238 651 1299 728; x_wconf 89' lang='lat' dir='ltr'>sub</span> <span class='ocrx_word' id='word_1_42' title='bbox 1331 677 1405 745; x_wconf 80' lang='lat' dir='ltr'>uno</span> <span class='ocrx_word' id='word_1_43' title='bbox 1453 656 1552 750; x_wconf 80' lang='lat' dir='ltr'>ttege</span> <span class='ocrx_word' id='word_1_44' title='bbox 1586 653 1644 729; x_wconf 89' lang='lat' dir='ltr'>seu</span> 
     </span>
     <span class='ocr_line' id='line_1_5' title="bbox 164 750 1646 857; baseline -0.003 -23"><span class='ocrx_word' id='word_1_45' title='bbox 164 790 167 823; x_wconf 74' lang='grc' dir='ltr'>ι</span> <span class='ocrx_word' id='word_1_46' title='bbox 202 781 275 834; x_wconf 84' lang='lat' dir='ltr'>una</span> <span class='ocrx_word' id='word_1_47' title='bbox 308 755 476 831; x_wconf 88' lang='lat' dir='ltr'>Corona.</span> <span class='ocrx_word' id='word_1_48' title='bbox 508 777 539 826; x_wconf 91' lang='lat' dir='ltr'>t.</span> <span class='ocrx_word' id='word_1_49' title='bbox 577 750 675 850; x_wconf 83' lang='lat' dir='ltr'>Qtia</span> <span class='ocrx_word' id='word_1_50' title='bbox 712 755 934 857; x_wconf 80' lang='lat' dir='ltr'>praesumptio</span> <span class='ocrx_word' id='word_1_51' title='bbox 970 753 1037 830; x_wconf 83' lang='lat' dir='ltr'>stat</span> <span class='ocrx_word' id='word_1_52' title='bbox 1074 780 1137 852; x_wconf 87' lang='lat' dir='ltr'>pro</span> <span class='ocrx_word' id='word_1_53' title='bbox 1171 760 1305 831; x_wconf 88' lang='lat' dir='ltr'>unione</span> <span class='ocrx_word' id='word_1_54' title='bbox 1348 759 1562 855; x_wconf 87' lang='lat' dir='ltr'>principali.</span> <span class='ocrx_word' id='word_1_55' title='bbox 1609 778 1646 831; x_wconf 86' lang='lat'>2.</span> 
     </span>
     <span class='ocr_line' id='line_1_6' title="bbox 164 855 1643 957; baseline -0.002 -21"><span class='ocrx_word' id='word_1_56' title='bbox 164 861 202 936; x_wconf 75' lang='lat' dir='ltr'>ia</span> <span class='ocrx_word' id='word_1_57' title='bbox 238 861 351 934; x_wconf 86' lang='lat' dir='ltr'>etiam</span> <span class='ocrx_word' id='word_1_58' title='bbox 383 857 445 933; x_wconf 83' lang='lat' dir='ltr'>sub</span> <span class='ocrx_word' id='word_1_59' title='bbox 481 859 592 931; x_wconf 88' lang='lat' dir='ltr'>altera</span> <span class='ocrx_word' id='word_1_60' title='bbox 630 859 817 957; x_wconf 82' lang='lat' dir='ltr'>Aragoniae</span> <span class='ocrx_word' id='word_1_61' title='bbox 853 878 988 934; x_wconf 87' lang='lat' dir='ltr'>corona</span> <span class='ocrx_word' id='word_1_62' title='bbox 1035 881 1143 956; x_wconf 86' lang='lat' dir='ltr'>tegna</span> <span class='ocrx_word' id='word_1_63' title='bbox 1181 858 1261 932; x_wconf 91' lang='lat' dir='ltr'>sunt</span> <span class='ocrx_word' id='word_1_64' title='bbox 1296 859 1451 933; x_wconf 84' lang='lat' dir='ltr'>diversa.</span> <span class='ocrx_word' id='word_1_65' title='bbox 1480 879 1515 955; x_wconf 85' lang='lat'>3.</span> <span class='ocrx_word' id='word_1_66' title='bbox 1546 855 1643 954; x_wconf 81' lang='lat' dir='ltr'>Qtia</span> 
     </span>
     <span class='ocr_line' id='line_1_7' title="bbox 164 959 1649 1059; baseline -0.004 -21"><span class='ocrx_word' id='word_1_67' title='bbox 164 965 259 1038; x_wconf 86' lang='lat' dir='ltr'>tolus</span> <span class='ocrx_word' id='word_1_68' title='bbox 296 967 376 1050; x_wconf 93' lang='lat' dir='ltr'>(v)</span> <span class='ocrx_word' id='word_1_69' title='bbox 417 963 454 1034; x_wconf 92' lang='lat' dir='ltr'>in</span> <span class='ocrx_word' id='word_1_70' title='bbox 502 959 701 1049; x_wconf 87' lang='lat' dir='ltr'>juramento</span> <span class='ocrx_word' id='word_1_71' title='bbox 734 1015 744 1051; x_wconf 93' lang='lat'>,</span> <span class='ocrx_word' id='word_1_72' title='bbox 782 961 968 1059; x_wconf 86' lang='lat' dir='ltr'>¹promittit</span> <span class='ocrx_word' id='word_1_73' title='bbox 1003 962 1098 1056; x_wconf 89' lang='lat' dir='ltr'>quod</span> <span class='ocrx_word' id='word_1_74' title='bbox 1133 985 1280 1059; x_wconf 89' lang='lat' dir='ltr'>regnum</span> <span class='ocrx_word' id='word_1_75' title='bbox 1326 963 1527 1059; x_wconf 77' lang='lat' dir='ltr'>praedidum</span> <span class='ocrx_word' id='word_1_76' title='bbox 1572 986 1649 1034; x_wconf 87' lang='lat' dir='ltr'>non</span> 
     </span>
     <span class='ocr_line' id='line_1_8' title="bbox 164 1056 1784 1183; baseline -0.003 -43"><span class='ocrx_word' id='word_1_77' title='bbox 164 1063 265 1141; x_wconf 70' lang='lat' dir='ltr'>iente</span> <span class='ocrx_word' id='word_1_78' title='bbox 301 1062 433 1136; x_wconf 86' lang='lat' dir='ltr'>unione</span> <span class='ocrx_word' id='word_1_79' title='bbox 468 1080 668 1136; x_wconf 80' lang='lat' dir='ltr'>remaneret</span> <span class='ocrx_word' id='word_1_80' title='bbox 703 1065 746 1137; x_wconf 88' lang='lat' dir='ltr'>de</span> <span class='ocrx_word' id='word_1_81' title='bbox 784 1088 843 1160; x_wconf 87' lang='lat' dir='ltr'>per</span> <span class='ocrx_word' id='word_1_82' title='bbox 880 1056 915 1136; x_wconf 87' lang='lat' dir='ltr'>se</span> <span class='ocrx_word' id='word_1_83' title='bbox 950 1087 1033 1134; x_wconf 90' lang='lat' dir='ltr'>cnm</span> <span class='ocrx_word' id='word_1_84' title='bbox 1059 1065 1215 1159; x_wconf 85' lang='lat' dir='ltr'>propriis</span> <span class='ocrx_word' id='word_1_85' title='bbox 1250 1060 1403 1183; x_wconf 84' lang='lat' dir='ltr'>legibus,</span> <span class='ocrx_word' id='word_1_86' title='bbox 1440 1062 1547 1155; x_wconf 87' lang='lat' dir='ltr'>foris,</span> <span class='ocrx_word' id='word_1_87' title='bbox 1573 1064 1646 1146; x_wconf 75' lang='lat' dir='ltr'>ltri-</span> <span class='ocrx_word' id='word_1_88' title='bbox 1770 1074 1784 1092; x_wconf 61' lang='lat'>⁸</span> 
     </span>
     <span class='ocr_line' id='line_1_9' title="bbox 164 1162 1649 1264; baseline -0.003 -23"><span class='ocrx_word' id='word_1_89' title='bbox 164 1168 236 1257; x_wconf 76' lang='lat' dir='ltr'>ts,</span> <span class='ocrx_word' id='word_1_90' title='bbox 276 1188 458 1262; x_wconf 87' lang='lat' dir='ltr'>prorege,</span> <span class='ocrx_word' id='word_1_91' title='bbox 495 1162 656 1238; x_wconf 79' lang='lat' dir='ltr'>Consilio</span> <span class='ocrx_word' id='word_1_92' title='bbox 689 1221 700 1257; x_wconf 91' lang='lat'>,</span> <span class='ocrx_word' id='word_1_93' title='bbox 738 1167 894 1239; x_wconf 81' lang='lat' dir='ltr'>monetis</span> <span class='ocrx_word' id='word_1_94' title='bbox 924 1218 933 1236; x_wconf 90' lang='lat'><strong>.</strong></span> <span class='ocrx_word' id='word_1_95' title='bbox 982 1162 1029 1238; x_wconf 82' lang='lat' dir='ltr'>Bt</span> <span class='ocrx_word' id='word_1_96' title='bbox 1064 1162 1243 1264; x_wconf 84' lang='lat' dir='ltr'>Philippus</span> <span class='ocrx_word' id='word_1_97' title='bbox 1279 1166 1458 1240; x_wconf 58' lang='lat' dir='ltr'>Secundus</span> <span class='ocrx_word' id='word_1_98' title='bbox 1495 1168 1532 1239; x_wconf 93' lang='lat' dir='ltr'>in</span> <span class='ocrx_word' id='word_1_99' title='bbox 1565 1166 1649 1240; x_wconf 71' lang='lat' dir='ltr'>adtis</span> 
     </span>
     <span class='ocr_line' id='line_1_10' title="bbox 164 1263 1646 1362; baseline -0.001 -21"><span class='ocrx_word' id='word_1_100' title='bbox 164 1289 256 1343; x_wconf 88' lang='lat' dir='ltr'>:atur</span> <span class='ocrx_word' id='word_1_101' title='bbox 289 1263 445 1362; x_wconf 79' lang='lat' dir='ltr'>Qtartus</span> <span class='ocrx_word' id='word_1_102' title='bbox 482 1316 493 1337; x_wconf 89' lang='lat'><strong>.</strong></span> <span class='ocrx_word' id='word_1_103' title='bbox 532 1319 540 1336; x_wconf 91' lang='lat'><strong>.</strong></span> <span class='ocrx_word' id='word_1_104' title='bbox 581 1321 589 1338; x_wconf 93' lang='lat'><strong><em>.</em></strong></span> <span class='ocrx_word' id='word_1_105' title='bbox 619 1264 819 1341; x_wconf 74' lang='lat' dir='ltr'>&#39;Chronistae</span> <span class='ocrx_word' id='word_1_106' title='bbox 854 1263 1091 1341; x_wconf 69' lang='lat' dir='ltr'>distiniiiones</span> <span class='ocrx_word' id='word_1_107' title='bbox 1128 1293 1201 1340; x_wconf 91' lang='lat' dir='ltr'>non</span> <span class='ocrx_word' id='word_1_108' title='bbox 1236 1271 1366 1342; x_wconf 86' lang='lat' dir='ltr'>callent</span> <span class='ocrx_word' id='word_1_109' title='bbox 1400 1322 1412 1361; x_wconf 94' lang='lat'>,</span> <span class='ocrx_word' id='word_1_110' title='bbox 1449 1272 1484 1344; x_wconf 74' lang='lat' dir='ltr'>dt</span> <span class='ocrx_word' id='word_1_111' title='bbox 1526 1288 1646 1342; x_wconf 86' lang='lat' dir='ltr'>errant</span> 
     </span>
     <span class='ocr_line' id='line_1_11' title="bbox 164 1365 1651 1461; baseline -0.002 -16"><span class='ocrx_word' id='word_1_112' title='bbox 164 1369 278 1445; x_wconf 86' lang='lat' dir='ltr'>tando</span> <span class='ocrx_word' id='word_1_113' title='bbox 312 1367 373 1441; x_wconf 87' lang='lat' dir='ltr'>sub</span> <span class='ocrx_word' id='word_1_114' title='bbox 410 1392 482 1442; x_wconf 85' lang='lat' dir='ltr'>una</span> <span class='ocrx_word' id='word_1_115' title='bbox 520 1366 574 1439; x_wconf 77' lang='lat' dir='ltr'>tel</span> <span class='ocrx_word' id='word_1_116' title='bbox 614 1370 727 1444; x_wconf 86' lang='lat' dir='ltr'>altera</span> <span class='ocrx_word' id='word_1_117' title='bbox 764 1367 913 1442; x_wconf 87' lang='lat' dir='ltr'>Corona</span> <span class='ocrx_word' id='word_1_118' title='bbox 950 1365 1173 1456; x_wconf 74' lang='lat' dir='ltr'>flandriam,</span> <span class='ocrx_word' id='word_1_119' title='bbox 1210 1366 1482 1459; x_wconf 84' lang='lat' dir='ltr'>Mediolanum,</span> <span class='ocrx_word' id='word_1_120' title='bbox 1519 1365 1651 1461; x_wconf 52' lang='lat' dir='ltr'>Portu}</span> 
     </span>
     <span class='ocr_line' id='line_1_12' title="bbox 164 1467 1650 1568; baseline -0.003 -20"><span class='ocrx_word' id='word_1_121' title='bbox 164 1473 284 1562; x_wconf 75' lang='lat' dir='ltr'>turia,</span> <span class='ocrx_word' id='word_1_122' title='bbox 311 1475 346 1546; x_wconf 69' lang='lat' dir='ltr'>dt</span> <span class='ocrx_word' id='word_1_123' title='bbox 372 1469 488 1542; x_wconf 86' lang='lat' dir='ltr'>altum</span> <span class='ocrx_word' id='word_1_124' title='bbox 512 1471 713 1545; x_wconf 87' lang='lat' dir='ltr'>dominium</span> <span class='ocrx_word' id='word_1_125' title='bbox 739 1472 913 1548; x_wconf 87' lang='lat' dir='ltr'>Senatum</span> <span class='ocrx_word' id='word_1_126' title='bbox 939 1476 975 1547; x_wconf 72' lang='grc' dir='ltr'>ὃ(</span> <span class='ocrx_word' id='word_1_127' title='bbox 1000 1467 1182 1544; x_wconf 89' lang='lat' dir='ltr'>Plumbini</span> <span class='ocrx_word' id='word_1_128' title='bbox 1210 1524 1219 1542; x_wconf 88' lang='lat'><strong>.</strong></span> <span class='ocrx_word' id='word_1_129' title='bbox 1248 1525 1256 1542; x_wconf 88' lang='lat'><em>.</em></span> <span class='ocrx_word' id='word_1_130' title='bbox 1287 1524 1295 1541; x_wconf 87' lang='lat'><em>.</em></span> <span class='ocrx_word' id='word_1_131' title='bbox 1322 1470 1510 1568; x_wconf 83' lang='lat' dir='ltr'>Hispalis,</span> <span class='ocrx_word' id='word_1_132' title='bbox 1546 1469 1650 1545; x_wconf 84' lang='lat' dir='ltr'>Mur-</span> 
     </span>
     <span class='ocr_line' id='line_1_13' title="bbox 173 1567 1649 1670; baseline -0.002 -22"><span class='ocrx_word' id='word_1_133' title='bbox 173 1628 189 1667; x_wconf 87' lang='lat'>,</span> <span class='ocrx_word' id='word_1_134' title='bbox 217 1572 409 1662; x_wconf 83' lang='lat' dir='ltr'>Granata,</span> <span class='ocrx_word' id='word_1_135' title='bbox 436 1567 496 1644; x_wconf 90' lang='lat' dir='ltr'>sub</span> <span class='ocrx_word' id='word_1_136' title='bbox 523 1572 667 1646; x_wconf 89' lang='lat' dir='ltr'>indulto</span> <span class='ocrx_word' id='word_1_137' title='bbox 694 1576 839 1649; x_wconf 88' lang='lat' dir='ltr'>leonino</span> <span class='ocrx_word' id='word_1_138' title='bbox 867 1573 1066 1661; x_wconf 84' lang='lat' dir='ltr'>venientes,</span> <span class='ocrx_word' id='word_1_139' title='bbox 1095 1574 1276 1670; x_wconf 87' lang='lat' dir='ltr'>perviam</span> <span class='ocrx_word' id='word_1_140' title='bbox 1304 1575 1491 1649; x_wconf 87' lang='lat' dir='ltr'>alluvionis</span> <span class='ocrx_word' id='word_1_141' title='bbox 1516 1579 1552 1650; x_wconf 80' lang='lat' dir='ltr'>dt</span> <span class='ocrx_word' id='word_1_142' title='bbox 1589 1572 1649 1646; x_wconf 87' lang='lat' dir='ltr'>ad·</span> 
     </span>
     <span class='ocr_line' id='line_1_14' title="bbox 165 1670 1650 1772; baseline -0.003 -20"><span class='ocrx_word' id='word_1_143' title='bbox 165 1675 302 1752; x_wconf 75' lang='lat' dir='ltr'>amanti</span> <span class='ocrx_word' id='word_1_144' title='bbox 327 1670 453 1748; x_wconf 73' lang='lat' dir='ltr'>effoeta</span> <span class='ocrx_word' id='word_1_145' title='bbox 478 1671 558 1747; x_wconf 92' lang='lat' dir='ltr'>sunt</span> <span class='ocrx_word' id='word_1_146' title='bbox 584 1694 699 1770; x_wconf 85' lang='lat' dir='ltr'>partes</span> <span class='ocrx_word' id='word_1_147' title='bbox 733 1681 771 1753; x_wconf 72' lang='lat' dir='ltr'>dt</span> <span class='ocrx_word' id='word_1_148' title='bbox 805 1672 964 1765; x_wconf 80' lang='lat' dir='ltr'>membra</span> <span class='ocrx_word' id='word_1_149' title='bbox 999 1672 1160 1748; x_wconf 75' lang='lat' dir='ltr'>castettae</span> <span class='ocrx_word' id='word_1_150' title='bbox 1192 1679 1228 1751; x_wconf 78' lang='lat' dir='ltr'>dc</span> <span class='ocrx_word' id='word_1_151' title='bbox 1260 1672 1429 1772; x_wconf 86' lang='lat' dir='ltr'>Legionis</span> <span class='ocrx_word' id='word_1_152' title='bbox 1451 1699 1536 1751; x_wconf 91' lang='lat' dir='ltr'>ctnn</span> <span class='ocrx_word' id='word_1_153' title='bbox 1570 1700 1650 1748; x_wconf 90' lang='lat' dir='ltr'>otn-</span> 
     </span>
     <span class='ocr_line' id='line_1_15' title="bbox 164 1774 1656 1874; baseline -0.003 -20"><span class='ocrx_word' id='word_1_154' title='bbox 164 1777 262 1854; x_wconf 87' lang='lat' dir='ltr'>noda</span> <span class='ocrx_word' id='word_1_155' title='bbox 289 1777 523 1872; x_wconf 85' lang='lat' dir='ltr'>dependentia</span> <span class='ocrx_word' id='word_1_156' title='bbox 549 1776 592 1848; x_wconf 89' lang='lat' dir='ltr'>ab</span> <span class='ocrx_word' id='word_1_157' title='bbox 627 1801 752 1851; x_wconf 87' lang='lat' dir='ltr'>eorum</span> <span class='ocrx_word' id='word_1_158' title='bbox 790 1774 941 1851; x_wconf 80' lang='lat' dir='ltr'>confinis</span> <span class='ocrx_word' id='word_1_159' title='bbox 986 1781 1022 1850; x_wconf 80' lang='lat' dir='ltr'>dt</span> <span class='ocrx_word' id='word_1_160' title='bbox 1067 1775 1324 1873; x_wconf 81' lang='lat' dir='ltr'>magistratibus</span> <span class='ocrx_word' id='word_1_161' title='bbox 1362 1816 1407 1850; x_wconf 81' lang='grc'>.·.</span> <span class='ocrx_word' id='word_1_162' title='bbox 1433 1830 1445 1848; x_wconf 81' lang='grc'><em>.</em></span> <span class='ocrx_word' id='word_1_163' title='bbox 1472 1777 1656 1874; x_wconf 82' lang='lat' dir='ltr'>Tempore</span> 
     </span>
     <span class='ocr_line' id='line_1_16' title="bbox 164 1872 1649 1972; baseline -0.001 -18"><span class='ocrx_word' id='word_1_164' title='bbox 164 1906 184 1955; x_wconf 86' lang='lat' dir='ltr'>t&gt;</span> <span class='ocrx_word' id='word_1_165' title='bbox 212 1878 303 1953; x_wconf 88' lang='lat' dir='ltr'>istud</span> <span class='ocrx_word' id='word_1_166' title='bbox 329 1879 513 1972; x_wconf 86' lang='lat' dir='ltr'>negotium</span> <span class='ocrx_word' id='word_1_167' title='bbox 539 1878 758 1952; x_wconf 90' lang='lat' dir='ltr'>decimarum</span> <span class='ocrx_word' id='word_1_168' title='bbox 784 1872 963 1956; x_wconf 77' lang='lat' dir='ltr'>rentiffnm</span> <span class='ocrx_word' id='word_1_169' title='bbox 989 1875 1056 1949; x_wconf 86' lang='lat' dir='ltr'>fuit</span> <span class='ocrx_word' id='word_1_170' title='bbox 1089 1882 1131 1951; x_wconf 84' lang='lat' dir='ltr'>ad</span> <span class='ocrx_word' id='word_1_171' title='bbox 1158 1877 1393 1970; x_wconf 82' lang='lat' dir='ltr'>Pontificem,</span> <span class='ocrx_word' id='word_1_172' title='bbox 1422 1883 1491 1952; x_wconf 88' lang='lat' dir='ltr'>alia</span> <span class='ocrx_word' id='word_1_173' title='bbox 1505 1877 1649 1952; x_wconf 85' lang='lat' dir='ltr'>suerunt</span> 
     </span>
     <span class='ocr_line' id='line_1_17' title="bbox 164 1980 1649 2078; baseline -0.001 -22"><span class='ocrx_word' id='word_1_174' title='bbox 164 1984 263 2057; x_wconf 68' lang='lat' dir='ltr'>istata</span> <span class='ocrx_word' id='word_1_175' title='bbox 291 1982 436 2078; x_wconf 88' lang='lat' dir='ltr'>negotia</span> <span class='ocrx_word' id='word_1_176' title='bbox 464 2006 547 2054; x_wconf 84' lang='lat' dir='ltr'>cunt</span> <span class='ocrx_word' id='word_1_177' title='bbox 560 1980 758 2055; x_wconf 83' lang='lat' dir='ltr'>interventu</span> <span class='ocrx_word' id='word_1_178' title='bbox 770 1984 1022 2077; x_wconf 84' lang='lat' dir='ltr'>deputatorum</span> <span class='ocrx_word' id='word_1_179' title='bbox 1047 1981 1129 2054; x_wconf 87' lang='lat' dir='ltr'>cleti</span> <span class='ocrx_word' id='word_1_180' title='bbox 1150 1980 1255 2069; x_wconf 80' lang='lat' dir='ltr'>huius</span> <span class='ocrx_word' id='word_1_181' title='bbox 1281 1983 1378 2077; x_wconf 85' lang='lat' dir='ltr'>regni</span> <span class='ocrx_word' id='word_1_182' title='bbox 1406 1981 1649 2070; x_wconf 81' lang='lat' dir='ltr'>(Navarra),</span> 
     </span>
     <span class='ocr_line' id='line_1_18' title="bbox 163 2077 1650 2160; baseline -0.001 -1"><span class='ocrx_word' id='word_1_183' title='bbox 163 2087 175 2159; x_wconf 93' lang='lat' dir='ltr'>i</span> <span class='ocrx_word' id='word_1_184' title='bbox 202 2105 322 2157; x_wconf 88' lang='lat' dir='ltr'>tamen</span> <span class='ocrx_word' id='word_1_185' title='bbox 349 2107 424 2154; x_wconf 91' lang='lat' dir='ltr'>non</span> <span class='ocrx_word' id='word_1_186' title='bbox 451 2083 711 2158; x_wconf 87' lang='lat' dir='ltr'>intervenerunt</span> <span class='ocrx_word' id='word_1_187' title='bbox 739 2086 776 2158; x_wconf 94' lang='lat' dir='ltr'>in</span> <span class='ocrx_word' id='word_1_188' title='bbox 802 2083 868 2159; x_wconf 88' lang='lat' dir='ltr'>isto</span> <span class='ocrx_word' id='word_1_189' title='bbox 894 2083 992 2159; x_wconf 71' lang='lat' dir='ltr'>aiiu.</span> <span class='ocrx_word' id='word_1_190' title='bbox 1021 2077 1125 2160; x_wconf 86' lang='lat' dir='ltr'>Unde</span> <span class='ocrx_word' id='word_1_191' title='bbox 1153 2081 1251 2157; x_wconf 83' lang='lat' dir='ltr'>casus</span> <span class='ocrx_word' id='word_1_192' title='bbox 1278 2083 1650 2157; x_wconf 80' lang='lat' dir='ltr'>reinanebatomnino</span> 
     </span>
     <span class='ocr_line' id='line_1_19' title="bbox 164 2182 1571 2283; baseline 0 -22"><span class='ocrx_word' id='word_1_193' title='bbox 164 2212 252 2261; x_wconf 73' lang='lat' dir='ltr'>trus.</span> <span class='ocrx_word' id='word_1_194' title='bbox 280 2182 469 2283; x_wconf 83' lang='lat' dir='ltr'>Hucusque</span> <span class='ocrx_word' id='word_1_195' title='bbox 491 2182 538 2259; x_wconf 73' lang='lat' dir='ltr'>G</span> <span class='ocrx_word' id='word_1_196' title='bbox 565 2187 611 2257; x_wconf 88' lang='lat' dir='ltr'>de</span> <span class='ocrx_word' id='word_1_197' title='bbox 634 2182 758 2261; x_wconf 86' lang='lat' dir='ltr'>Luca.</span> <span class='ocrx_word' id='word_1_198' title='bbox 1411 2233 1414 2237; x_wconf 91' lang='lat'><em>-</em></span> <span class='ocrx_word' id='word_1_199' title='bbox 1568 2202 1571 2207; x_wconf 77' lang='grc'><em>“</em></span> 
     </span>
    </p>

    <p class='ocr_par' dir='ltr' id='par_1_3' title="bbox 164 2282 1656 3302">
     <span class='ocr_line' id='line_1_20' title="bbox 217 2282 1652 2383; baseline 0.001 -22"><span class='ocrx_word' id='word_1_200' title='bbox 217 2282 400 2383; x_wconf 79' lang='lat' dir='ltr'>Qtidqnid</span> <span class='ocrx_word' id='word_1_201' title='bbox 425 2286 470 2361; x_wconf 88' lang='lat' dir='ltr'>de</span> <span class='ocrx_word' id='word_1_202' title='bbox 494 2285 655 2361; x_wconf 85' lang='lat' dir='ltr'>Navarra</span> <span class='ocrx_word' id='word_1_203' title='bbox 682 2286 748 2381; x_wconf 87' lang='lat' dir='ltr'>fit,</span> <span class='ocrx_word' id='word_1_204' title='bbox 774 2286 959 2362; x_wconf 85' lang='lat' dir='ltr'>Indiantm</span> <span class='ocrx_word' id='word_1_205' title='bbox 984 2287 1266 2362; x_wconf 86' lang='lat' dir='ltr'>occidentalium</span> <span class='ocrx_word' id='word_1_206' title='bbox 1291 2291 1379 2363; x_wconf 88' lang='lat' dir='ltr'>unio</span> <span class='ocrx_word' id='word_1_207' title='bbox 1404 2287 1652 2363; x_wconf 85' lang='lat' dir='ltr'>adCoronam</span> 
     </span>
     <span class='ocr_line' id='line_1_21' title="bbox 164 2384 1652 2486; baseline 0 -23"><span class='ocrx_word' id='word_1_208' title='bbox 164 2385 281 2463; x_wconf 83' lang='lat' dir='ltr'>tstellae</span> <span class='ocrx_word' id='word_1_209' title='bbox 306 2393 342 2464; x_wconf 78' lang='lat' dir='ltr'>dt</span> <span class='ocrx_word' id='word_1_210' title='bbox 367 2386 535 2486; x_wconf 80' lang='lat' dir='ltr'>legionis</span> <span class='ocrx_word' id='word_1_211' title='bbox 563 2388 686 2463; x_wconf 86' lang='lat' dir='ltr'>snnilis</span> <span class='ocrx_word' id='word_1_212' title='bbox 711 2389 760 2464; x_wconf 89' lang='lat' dir='ltr'>est</span> <span class='ocrx_word' id='word_1_213' title='bbox 786 2390 911 2463; x_wconf 85' lang='lat' dir='ltr'>unioni</span> <span class='ocrx_word' id='word_1_214' title='bbox 938 2390 1037 2486; x_wconf 88' lang='lat' dir='ltr'>regni</span> <span class='ocrx_word' id='word_1_215' title='bbox 1063 2384 1262 2465; x_wconf 74' lang='lat' dir='ltr'>Granataei</span> <span class='ocrx_word' id='word_1_216' title='bbox 1281 2395 1316 2467; x_wconf 77' lang='lat' dir='ltr'>dt</span> <span class='ocrx_word' id='word_1_217' title='bbox 1341 2393 1378 2464; x_wconf 92' lang='lat' dir='ltr'>in</span> <span class='ocrx_word' id='word_1_218' title='bbox 1404 2389 1652 2465; x_wconf 82' lang='lat' dir='ltr'>favoribusve-</span> 
     </span>
     <span class='ocr_line' id='line_1_22' title="bbox 164 2487 1654 2590; baseline 0.001 -27"><span class='ocrx_word' id='word_1_219' title='bbox 164 2509 175 2563; x_wconf 93' lang='lat' dir='ltr'>t</span> <span class='ocrx_word' id='word_1_220' title='bbox 202 2487 277 2563; x_wconf 87' lang='lat' dir='ltr'>fine</span> <span class='ocrx_word' id='word_1_221' title='bbox 306 2489 437 2563; x_wconf 88' lang='lat' dir='ltr'>dubbio</span> <span class='ocrx_word' id='word_1_222' title='bbox 463 2489 523 2564; x_wconf 87' lang='lat' dir='ltr'>sub</span> <span class='ocrx_word' id='word_1_223' title='bbox 548 2515 592 2564; x_wconf 88' lang='lat' dir='ltr'>eo</span> <span class='ocrx_word' id='word_1_224' title='bbox 618 2494 786 2582; x_wconf 85' lang='lat' dir='ltr'>nomine,</span> <span class='ocrx_word' id='word_1_225' title='bbox 814 2495 930 2566; x_wconf 89' lang='lat' dir='ltr'>multo</span> <span class='ocrx_word' id='word_1_226' title='bbox 957 2491 1069 2589; x_wconf 86' lang='lat' dir='ltr'>magis</span> <span class='ocrx_word' id='word_1_227' title='bbox 1091 2489 1156 2565; x_wconf 89' lang='lat' dir='ltr'>sub</span> <span class='ocrx_word' id='word_1_228' title='bbox 1177 2495 1332 2568; x_wconf 88' lang='lat' dir='ltr'>nomine</span> <span class='ocrx_word' id='word_1_229' title='bbox 1358 2515 1547 2590; x_wconf 88' lang='lat' dir='ltr'>regnorum</span> <span class='ocrx_word' id='word_1_230' title='bbox 1571 2488 1654 2564; x_wconf 87' lang='lat' dir='ltr'>His·</span> 
     </span>
     <span class='ocr_line' id='line_1_23' title="bbox 167 2589 1652 2691; baseline 0.004 -28"><span class='ocrx_word' id='word_1_231' title='bbox 167 2594 257 2665; x_wconf 83' lang='lat' dir='ltr'>niae.</span> <span class='ocrx_word' id='word_1_232' title='bbox 281 2589 340 2664; x_wconf 82' lang='lat' dir='ltr'>Ex</span> <span class='ocrx_word' id='word_1_233' title='bbox 365 2617 438 2687; x_wconf 92' lang='lat' dir='ltr'>quo</span> <span class='ocrx_word' id='word_1_234' title='bbox 475 2589 685 2668; x_wconf 86' lang='lat' dir='ltr'>refellendus</span> <span class='ocrx_word' id='word_1_235' title='bbox 721 2593 771 2668; x_wconf 87' lang='lat' dir='ltr'>est</span> <span class='ocrx_word' id='word_1_236' title='bbox 797 2591 976 2668; x_wconf 79' lang='lat' dir='ltr'>Catalieri</span> <span class='ocrx_word' id='word_1_237' title='bbox 1016 2597 1115 2683; x_wconf 87' lang='lat' dir='ltr'>(a),</span> <span class='ocrx_word' id='word_1_238' title='bbox 1141 2595 1227 2666; x_wconf 90' lang='lat' dir='ltr'>dum</span> <span class='ocrx_word' id='word_1_239' title='bbox 1267 2594 1319 2669; x_wconf 91' lang='lat' dir='ltr'>ait</span> <span class='ocrx_word' id='word_1_240' title='bbox 1342 2622 1352 2667; x_wconf 76' lang='grc' dir='ltr'><em>τ</em></span> <span class='ocrx_word' id='word_1_241' title='bbox 1379 2592 1542 2691; x_wconf 75' lang='lat' dir='ltr'>Hispania</span> <span class='ocrx_word' id='word_1_242' title='bbox 1569 2595 1652 2681; x_wconf 86' lang='lat' dir='ltr'>(cui</span> 
     </span>
     <span class='ocr_line' id='line_1_24' title="bbox 164 2689 1654 2793; baseline 0.003 -28"><span class='ocrx_word' id='word_1_243' title='bbox 164 2689 284 2765; x_wconf 85' lang='lat' dir='ltr'>neella</span> <span class='ocrx_word' id='word_1_244' title='bbox 317 2691 371 2766; x_wconf 83' lang='lat' dir='ltr'>est</span> <span class='ocrx_word' id='word_1_245' title='bbox 411 2690 561 2771; x_wconf 77' lang='lat' dir='ltr'>facultas</span> <span class='ocrx_word' id='word_1_246' title='bbox 586 2693 712 2770; x_wconf 86' lang='lat' dir='ltr'>festum</span> <span class='ocrx_word' id='word_1_247' title='bbox 739 2696 999 2793; x_wconf 76' lang='lat' dir='ltr'>Expciiationis</span> <span class='ocrx_word' id='word_1_248' title='bbox 1025 2695 1254 2786; x_wconf 80' lang='lat' dir='ltr'>celebrandi)</span> <span class='ocrx_word' id='word_1_249' title='bbox 1280 2721 1355 2771; x_wconf 89' lang='lat' dir='ltr'>non</span> <span class='ocrx_word' id='word_1_250' title='bbox 1382 2694 1654 2793; x_wconf 82' lang='lat' dir='ltr'>comprehendit</span> 
     </span>
     <span class='ocr_line' id='line_1_25' title="bbox 164 2796 1652 2897; baseline 0.003 -30"><span class='ocrx_word' id='word_1_251' title='bbox 164 2818 201 2869; x_wconf 85' lang='lat' dir='ltr'>ca</span> <span class='ocrx_word' id='word_1_252' title='bbox 226 2816 376 2884; x_wconf 80' lang='lat' dir='ltr'>caetera,</span> <span class='ocrx_word' id='word_1_253' title='bbox 403 2822 479 2893; x_wconf 81' lang='lat' dir='ltr'>quae</span> <span class='ocrx_word' id='word_1_254' title='bbox 507 2800 544 2871; x_wconf 94' lang='lat' dir='ltr'>in</span> <span class='ocrx_word' id='word_1_255' title='bbox 572 2798 705 2890; x_wconf 85' lang='lat' dir='ltr'>Italia,</span> <span class='ocrx_word' id='word_1_256' title='bbox 732 2821 792 2874; x_wconf 89' lang='lat' dir='ltr'>aut</span> <span class='ocrx_word' id='word_1_257' title='bbox 820 2797 952 2888; x_wconf 81' lang='lat' dir='ltr'>Indiis,</span> <span class='ocrx_word' id='word_1_258' title='bbox 979 2800 1041 2872; x_wconf 85' lang='lat' dir='ltr'>ant</span> <span class='ocrx_word' id='word_1_259' title='bbox 1067 2797 1150 2873; x_wconf 87' lang='lat' dir='ltr'>alibi</span> <span class='ocrx_word' id='word_1_260' title='bbox 1179 2820 1301 2897; x_wconf 87' lang='lat' dir='ltr'>parent</span> <span class='ocrx_word' id='word_1_261' title='bbox 1327 2800 1430 2896; x_wconf 76' lang='lat' dir='ltr'>Regi.</span> <span class='ocrx_word' id='word_1_262' title='bbox 1457 2797 1518 2874; x_wconf 85' lang='lat' dir='ltr'>Dc</span> <span class='ocrx_word' id='word_1_263' title='bbox 1544 2796 1652 2873; x_wconf 87' lang='lat' dir='ltr'>Italia</span> 
     </span>
     <span class='ocr_line' id='line_1_26' title="bbox 164 2895 1654 2998; baseline 0.002 -27"><span class='ocrx_word' id='word_1_264' title='bbox 164 2920 239 2971; x_wconf 87' lang='lat' dir='ltr'>tum</span> <span class='ocrx_word' id='word_1_265' title='bbox 265 2895 417 2988; x_wconf 84' lang='lat' dir='ltr'>habeat3</span> <span class='ocrx_word' id='word_1_266' title='bbox 443 2900 486 2971; x_wconf 93' lang='lat' dir='ltr'>de</span> <span class='ocrx_word' id='word_1_267' title='bbox 514 2898 624 2973; x_wconf 85' lang='lat' dir='ltr'>Indiis</span> <span class='ocrx_word' id='word_1_268' title='bbox 648 2900 870 2975; x_wconf 86' lang='lat' dir='ltr'>contrariuin</span> <span class='ocrx_word' id='word_1_269' title='bbox 894 2899 1024 2990; x_wconf 73' lang='lat' dir='ltr'>habet,</span> <span class='ocrx_word' id='word_1_270' title='bbox 1053 2899 1127 2976; x_wconf 86' lang='lat' dir='ltr'>Gre</span> <span class='ocrx_word' id='word_1_271' title='bbox 1150 2904 1268 2975; x_wconf 78' lang='lat' dir='ltr'>otium</span> <span class='ocrx_word' id='word_1_272' title='bbox 1293 2898 1402 2977; x_wconf 86' lang='lat' dir='ltr'><strong>XIII.</strong></span> <span class='ocrx_word' id='word_1_273' title='bbox 1431 2904 1468 2976; x_wconf 85' lang='lat' dir='ltr'>itt</span> <span class='ocrx_word' id='word_1_274' title='bbox 1490 2899 1654 2998; x_wconf 69' lang='lat' dir='ltr'>praesente</span> 
     </span>
     <span class='ocr_line' id='line_1_27' title="bbox 164 2925 1656 3099; baseline 0.001 -26"><span class='ocrx_word' id='word_1_275' title='bbox 164 2997 395 3089; x_wconf 82' lang='lat' dir='ltr'>nstitutione,</span> <span class='ocrx_word' id='word_1_276' title='bbox 423 3000 458 3073; x_wconf 94' lang='lat' dir='ltr'>in</span> <span class='ocrx_word' id='word_1_277' title='bbox 485 3025 553 3096; x_wconf 88' lang='lat' dir='ltr'>qua</span> <span class='ocrx_word' id='word_1_278' title='bbox 580 2999 763 3098; x_wconf 85' lang='lat' dir='ltr'>postquam</span> <span class='ocrx_word' id='word_1_279' title='bbox 789 3001 1055 3098; x_wconf 68' lang='lat' dir='ltr'>Expediationis</span> <span class='ocrx_word' id='word_1_280' title='bbox 1080 2925 1207 3076; x_wconf 76' lang='lat' dir='ltr'>setium</span> <span class='ocrx_word' id='word_1_281' title='bbox 1233 3005 1480 3077; x_wconf 86' lang='lat' dir='ltr'>annumeravit</span> <span class='ocrx_word' id='word_1_282' title='bbox 1507 3003 1656 3099; x_wconf 77' lang='lat' dir='ltr'>iis,quae</span> 
     </span>
     <span class='ocr_line' id='line_1_28' title="bbox 164 3098 1654 3199; baseline 0.002 -26"><span class='ocrx_word' id='word_1_283' title='bbox 164 3098 301 3197; x_wconf 82' lang='lat' dir='ltr'>ispaniae</span> <span class='ocrx_word' id='word_1_284' title='bbox 330 3102 396 3174; x_wconf 92' lang='lat' dir='ltr'>toti</span> <span class='ocrx_word' id='word_1_285' title='bbox 425 3104 499 3174; x_wconf 83' lang='lat' dir='ltr'>vult</span> <span class='ocrx_word' id='word_1_286' title='bbox 526 3100 592 3176; x_wconf 88' lang='lat' dir='ltr'>elle</span> <span class='ocrx_word' id='word_1_287' title='bbox 617 3105 848 3194; x_wconf 85' lang='lat' dir='ltr'>communia,</span> <span class='ocrx_word' id='word_1_288' title='bbox 883 3105 959 3177; x_wconf 88' lang='lat' dir='ltr'>vult</span> <span class='ocrx_word' id='word_1_289' title='bbox 995 3100 1151 3198; x_wconf 71' lang='lat' dir='ltr'>expressi</span> <span class='ocrx_word' id='word_1_290' title='bbox 1176 3125 1217 3178; x_wconf 89' lang='lat' dir='ltr'>ut</span> <span class='ocrx_word' id='word_1_291' title='bbox 1243 3105 1280 3176; x_wconf 94' lang='lat' dir='ltr'>id</span> <span class='ocrx_word' id='word_1_292' title='bbox 1317 3105 1537 3199; x_wconf 87' lang='lat' dir='ltr'>intelligatur</span> <span class='ocrx_word' id='word_1_293' title='bbox 1570 3129 1654 3176; x_wconf 88' lang='lat' dir='ltr'>con-</span> 
     </span>
     <span class='ocr_line' id='line_1_29' title="bbox 164 3200 1654 3302; baseline 0.002 -27"><span class='ocrx_word' id='word_1_294' title='bbox 164 3200 248 3276; x_wconf 82' lang='lat' dir='ltr'>lIutn</span> <span class='ocrx_word' id='word_1_295' title='bbox 276 3200 427 3278; x_wconf 77' lang='lat' dir='ltr'>ecclesiis</span> <span class='ocrx_word' id='word_1_296' title='bbox 454 3202 653 3278; x_wconf 86' lang='lat' dir='ltr'>Inittlarum</span> <span class='ocrx_word' id='word_1_297' title='bbox 679 3210 715 3280; x_wconf 82' lang='lat' dir='ltr'>dt</span> <span class='ocrx_word' id='word_1_298' title='bbox 740 3202 969 3280; x_wconf 80' lang='lat' dir='ltr'>Tetraefitmae</span> <span class='ocrx_word' id='word_1_299' title='bbox 996 3203 1181 3277; x_wconf 86' lang='lat' dir='ltr'>indiarum</span> <span class='ocrx_word' id='word_1_300' title='bbox 1218 3204 1309 3302; x_wconf 82' lang='lat' dir='ltr'>Regi</span> <span class='ocrx_word' id='word_1_301' title='bbox 1348 3203 1542 3279; x_wconf 89' lang='lat' dir='ltr'>Catholico</span> <span class='ocrx_word' id='word_1_302' title='bbox 1578 3202 1654 3278; x_wconf 89' lang='lat' dir='ltr'>sub·</span> 
     </span>
    </p>
   </div>
   <div class='ocr_carea' id='block_1_3' title="bbox 164 3305 1280 3619">
    <p class='ocr_par' dir='ltr' id='par_1_4' title="bbox 164 3305 1280 3619">
     <span class='ocr_line' id='line_1_30' title="bbox 164 3305 1280 3488; baseline -0.003 -6"><span class='ocrx_word' id='word_1_303' title='bbox 164 3305 311 3379; x_wconf 45' lang='lat' dir='ltr'>wm&#39;</span> <span class='ocrx_word' id='word_1_304' title='bbox 491 3344 1066 3486; x_wconf 72' lang='lat' dir='ltr'>onninarto</span> <span class='ocrx_word' id='word_1_305' title='bbox 1160 3405 1280 3488; x_wconf 72' lang='lat' dir='ltr'>cm.</span> 
     </span>
     <span class='ocr_line' id='line_1_31' title="bbox 673 3507 1106 3619; baseline -0.012 -31"><span class='ocrx_word' id='word_1_306' title='bbox 673 3511 783 3588; x_wconf 87' lang='lat' dir='ltr'>Anno</span> <span class='ocrx_word' id='word_1_307' title='bbox 813 3532 917 3619; x_wconf 53' lang='lat'>1575,</span> <span class='ocrx_word' id='word_1_308' title='bbox 952 3517 1009 3587; x_wconf 89' lang='lat'>16.</span> <span class='ocrx_word' id='word_1_309' title='bbox 1035 3507 1106 3607; x_wconf 87' lang='lat' dir='ltr'>Jul.</span> 
     </span>
    </p>
   </div>
   <div class='ocr_carea' id='block_1_4' title="bbox 164 3710 1659 4910">
    <p class='ocr_par' dir='ltr' id='par_1_5' title="bbox 164 3710 1659 3918">
     <span class='ocr_line' id='line_1_32' title="bbox 164 3710 1656 3816; baseline 0.001 -28"><span class='ocrx_word' id='word_1_310' title='bbox 164 3712 260 3810; x_wconf 75' lang='lat' dir='ltr'>)Ats</span> <span class='ocrx_word' id='word_1_311' title='bbox 286 3713 443 3789; x_wconf 84' lang='lat' dir='ltr'>dioecests</span> <span class='ocrx_word' id='word_1_312' title='bbox 467 3716 505 3791; x_wconf 88' lang='lat' dir='ltr'>S.</span> <span class='ocrx_word' id='word_1_313' title='bbox 527 3717 726 3794; x_wconf 66' lang='lat' dir='ltr'>Saitatoris</span> <span class='ocrx_word' id='word_1_314' title='bbox 753 3719 790 3792; x_wconf 94' lang='lat' dir='ltr'>in</span> <span class='ocrx_word' id='word_1_315' title='bbox 817 3715 990 3810; x_wconf 83' lang='lat' dir='ltr'>Brafilia,</span> <span class='ocrx_word' id='word_1_316' title='bbox 1013 3719 1056 3794; x_wconf 89' lang='lat' dir='ltr'>in</span> <span class='ocrx_word' id='word_1_317' title='bbox 1081 3740 1152 3816; x_wconf 83' lang='lat' dir='ltr'>qua</span> <span class='ocrx_word' id='word_1_318' title='bbox 1179 3718 1359 3813; x_wconf 86' lang='lat' dir='ltr'>provincia</span> <span class='ocrx_word' id='word_1_319' title='bbox 1387 3710 1561 3793; x_wconf 84' lang='lat' dir='ltr'>Fluminis</span> <span class='ocrx_word' id='word_1_320' title='bbox 1595 3714 1656 3812; x_wconf 76' lang='lat' dir='ltr'>Ja-</span> 
     </span>
     <span class='ocr_line' id='line_1_33' title="bbox 208 3816 1659 3918; baseline 0.003 -28"><span class='ocrx_word' id='word_1_321' title='bbox 208 3817 332 3891; x_wconf 81' lang='lat' dir='ltr'>nuarii</span> <span class='ocrx_word' id='word_1_322' title='bbox 358 3816 496 3910; x_wconf 84' lang='lat' dir='ltr'>existit,</span> <span class='ocrx_word' id='word_1_323' title='bbox 523 3819 819 3911; x_wconf 89' lang='lat' dir='ltr'>dismembratur,</span> <span class='ocrx_word' id='word_1_324' title='bbox 847 3844 928 3897; x_wconf 87' lang='lat' dir='ltr'>eam</span> <span class='ocrx_word' id='word_1_325' title='bbox 954 3845 1018 3918; x_wconf 91' lang='lat' dir='ltr'>pro</span> <span class='ocrx_word' id='word_1_326' title='bbox 1045 3844 1119 3894; x_wconf 90' lang='lat' dir='ltr'>uno</span> <span class='ocrx_word' id='word_1_327' title='bbox 1145 3819 1345 3915; x_wconf 80' lang='lat' dir='ltr'>presbytero</span> <span class='ocrx_word' id='word_1_328' title='bbox 1372 3817 1659 3905; x_wconf 78' lang='lat' dir='ltr'>administratore</span> 
     </span>
    </p>

    <p class='ocr_par' dir='ltr' id='par_1_6' title="bbox 164 3918 1658 4910">
     <span class='ocr_line' id='line_1_34' title="bbox 164 3918 1658 4019; baseline 0.001 -26"><span class='ocrx_word' id='word_1_329' title='bbox 164 3920 350 4016; x_wconf 85' lang='lat' dir='ltr'>putando,</span> <span class='ocrx_word' id='word_1_330' title='bbox 379 3921 439 4016; x_wconf 89' lang='lat' dir='ltr'>qui</span> <span class='ocrx_word' id='word_1_331' title='bbox 466 3918 731 3996; x_wconf 83' lang='lat' dir='ltr'>sacramentum</span> <span class='ocrx_word' id='word_1_332' title='bbox 759 3920 1043 3996; x_wconf 87' lang='lat' dir='ltr'>confirmationis</span> <span class='ocrx_word' id='word_1_333' title='bbox 1070 3921 1293 4016; x_wconf 82' lang='lat' dir='ltr'>impendere,</span> <span class='ocrx_word' id='word_1_334' title='bbox 1314 3919 1478 4009; x_wconf 81' lang='lat' dir='ltr'>calices,</span> <span class='ocrx_word' id='word_1_335' title='bbox 1513 3940 1658 4019; x_wconf 53' lang='lat' dir='ltr'>campaf</span> 
     </span>
     <span class='ocr_line' id='line_1_35' title="bbox 165 4018 1656 4119; baseline 0.001 -27"><span class='ocrx_word' id='word_1_336' title='bbox 165 4042 206 4110; x_wconf 75' lang='lat' dir='ltr'>s,</span> <span class='ocrx_word' id='word_1_337' title='bbox 234 4019 467 4112; x_wconf 86' lang='lat' dir='ltr'>vestimenta,</span> <span class='ocrx_word' id='word_1_338' title='bbox 494 4026 719 4119; x_wconf 87' lang='lat' dir='ltr'>corporalia,</span> <span class='ocrx_word' id='word_1_339' title='bbox 758 4028 794 4098; x_wconf 83' lang='lat' dir='ltr'>dt</span> <span class='ocrx_word' id='word_1_340' title='bbox 831 4026 902 4097; x_wconf 88' lang='lat' dir='ltr'>alia</span> <span class='ocrx_word' id='word_1_341' title='bbox 940 4043 1146 4119; x_wconf 84' lang='lat' dir='ltr'>paramenta</span> <span class='ocrx_word' id='word_1_342' title='bbox 1175 4018 1404 4094; x_wconf 83' lang='lat' dir='ltr'>ecclesiastica</span> <span class='ocrx_word' id='word_1_343' title='bbox 1430 4021 1656 4114; x_wconf 88' lang='lat' dir='ltr'>benedicete,</span> 
     </span>
     <span class='ocr_line' id='line_1_36' title="bbox 164 4119 1658 4224; baseline 0.001 -30"><span class='ocrx_word' id='word_1_344' title='bbox 164 4119 314 4213; x_wconf 77' lang='lat' dir='ltr'>destas,</span> <span class='ocrx_word' id='word_1_345' title='bbox 350 4127 403 4197; x_wconf 84' lang='lat' dir='ltr'>vel</span> <span class='ocrx_word' id='word_1_346' title='bbox 442 4128 645 4199; x_wconf 77' lang='lat' dir='ltr'>cremeteria</span> <span class='ocrx_word' id='word_1_347' title='bbox 685 4127 821 4224; x_wconf 84' lang='lat' dir='ltr'>polluta</span> <span class='ocrx_word' id='word_1_348' title='bbox 860 4126 915 4198; x_wconf 89' lang='lat' dir='ltr'>vel</span> <span class='ocrx_word' id='word_1_349' title='bbox 951 4121 1139 4222; x_wconf 80' lang='lat' dir='ltr'>profanata</span> <span class='ocrx_word' id='word_1_350' title='bbox 1175 4123 1434 4214; x_wconf 85' lang='lat' dir='ltr'>reconciliare,</span> <span class='ocrx_word' id='word_1_351' title='bbox 1471 4147 1555 4197; x_wconf 87' lang='lat' dir='ltr'>cnm</span> <span class='ocrx_word' id='word_1_352' title='bbox 1579 4143 1658 4196; x_wconf 91' lang='lat' dir='ltr'>orn-</span> 
     </span>
     <span class='ocr_line' id='line_1_37' title="bbox 164 4221 1656 4325; baseline 0 -25"><span class='ocrx_word' id='word_1_353' title='bbox 164 4248 223 4300; x_wconf 74' lang='lat' dir='ltr'>ans</span> <span class='ocrx_word' id='word_1_354' title='bbox 260 4225 465 4323; x_wconf 81' lang='lat' dir='ltr'>privilegiis,</span> <span class='ocrx_word' id='word_1_355' title='bbox 492 4227 615 4325; x_wconf 83' lang='lat' dir='ltr'>quibus</span> <span class='ocrx_word' id='word_1_356' title='bbox 643 4227 677 4300; x_wconf 94' lang='lat' dir='ltr'>in</span> <span class='ocrx_word' id='word_1_357' title='bbox 718 4225 890 4319; x_wconf 88' lang='lat' dir='ltr'>Ormuz,</span> <span class='ocrx_word' id='word_1_358' title='bbox 929 4224 1215 4324; x_wconf 85' lang='lat' dir='ltr'>Mozambique,</span> <span class='ocrx_word' id='word_1_359' title='bbox 1253 4221 1421 4315; x_wconf 84' lang='lat' dir='ltr'>Zofala,</span> <span class='ocrx_word' id='word_1_360' title='bbox 1460 4222 1612 4300; x_wconf 91' lang='lat' dir='ltr'>Moluco</span> <span class='ocrx_word' id='word_1_361' title='bbox 1645 4282 1656 4318; x_wconf 93' lang='lat'>,</span> 
     </span>
     <span class='ocr_line' id='line_1_38' title="bbox 164 4323 1657 4425; baseline 0 -24"><span class='ocrx_word' id='word_1_362' title='bbox 164 4323 428 4402; x_wconf 85' lang='lat' dir='ltr'>lministratores</span> <span class='ocrx_word' id='word_1_363' title='bbox 463 4351 648 4404; x_wconf 85' lang='lat' dir='ltr'>utuntur.</span> <span class='ocrx_word' id='word_1_364' title='bbox 696 4328 808 4404; x_wconf 87' lang='lat' dir='ltr'>Extat</span> <span class='ocrx_word' id='word_1_365' title='bbox 861 4352 950 4404; x_wconf 89' lang='lat' dir='ltr'>torn.</span> <span class='ocrx_word' id='word_1_366' title='bbox 984 4351 1022 4425; x_wconf 88' lang='lat'>4.</span> <span class='ocrx_word' id='word_1_367' title='bbox 1057 4328 1192 4403; x_wconf 88' lang='lat' dir='ltr'>Bullar.</span> <span class='ocrx_word' id='word_1_368' title='bbox 1231 4328 1341 4405; x_wconf 86' lang='lat' dir='ltr'>Rom.</span> <span class='ocrx_word' id='word_1_369' title='bbox 1381 4323 1419 4400; x_wconf 89' lang='lat' dir='ltr'>P.</span> <span class='ocrx_word' id='word_1_370' title='bbox 1473 4344 1509 4423; x_wconf 78' lang='lat'>3.</span> <span class='ocrx_word' id='word_1_371' title='bbox 1536 4326 1657 4405; x_wconf 83' lang='lat' dir='ltr'>Consi.</span> 
     </span>
     <span class='ocr_line' id='line_1_39' title="bbox 164 4424 1657 4530; baseline 0.001 -27"><span class='ocrx_word' id='word_1_372' title='bbox 164 4428 289 4526; x_wconf 86' lang='lat' dir='ltr'>tegorii</span> <span class='ocrx_word' id='word_1_373' title='bbox 328 4428 435 4506; x_wconf 76' lang='lat' dir='ltr'><strong>XIII.</strong></span> <span class='ocrx_word' id='word_1_374' title='bbox 474 4450 536 4528; x_wconf 74' lang='lat'>47.</span> <span class='ocrx_word' id='word_1_375' title='bbox 573 4431 705 4528; x_wconf 90' lang='lat' dir='ltr'>Incipit</span> <span class='ocrx_word' id='word_1_376' title='bbox 743 4439 780 4504; x_wconf 72' lang='lat' dir='ltr'>let</span> <span class='ocrx_word' id='word_1_377' title='bbox 811 4428 1100 4530; x_wconf 74' lang='lat' dir='ltr'>supereminenti.</span> <span class='ocrx_word' id='word_1_378' title='bbox 1138 4424 1314 4525; x_wconf 80' lang='lat' dir='ltr'>Qtaenam</span> <span class='ocrx_word' id='word_1_379' title='bbox 1350 4426 1416 4503; x_wconf 90' lang='lat' dir='ltr'>stnt</span> <span class='ocrx_word' id='word_1_380' title='bbox 1452 4431 1657 4528; x_wconf 83' lang='lat' dir='ltr'>privilegia,</span> 
     </span>
     <span class='ocr_line' id='line_1_40' title="bbox 164 4532 1656 4630; baseline -0.001 -23"><span class='ocrx_word' id='word_1_381' title='bbox 164 4532 248 4607; x_wconf 81' lang='lat' dir='ltr'>tibus</span> <span class='ocrx_word' id='word_1_382' title='bbox 284 4551 436 4607; x_wconf 84' lang='lat' dir='ltr'>utuntur</span> <span class='ocrx_word' id='word_1_383' title='bbox 473 4532 773 4610; x_wconf 83' lang='lat' dir='ltr'>administratores</span> <span class='ocrx_word' id='word_1_384' title='bbox 810 4537 847 4608; x_wconf 84' lang='lat' dir='ltr'>in</span> <span class='ocrx_word' id='word_1_385' title='bbox 879 4535 1035 4630; x_wconf 84' lang='lat' dir='ltr'>partibus</span> <span class='ocrx_word' id='word_1_386' title='bbox 1072 4532 1256 4607; x_wconf 86' lang='lat' dir='ltr'>Indiarum</span> <span class='ocrx_word' id='word_1_387' title='bbox 1295 4533 1517 4612; x_wconf 77' lang='lat' dir='ltr'>nominatis,</span> <span class='ocrx_word' id='word_1_388' title='bbox 1555 4535 1656 4629; x_wconf 88' lang='lat' dir='ltr'>igno·</span> 
     </span>
     <span class='ocr_line' id='line_1_41' title="bbox 184 4631 1658 4734; baseline 0.001 -27"><span class='ocrx_word' id='word_1_389' title='bbox 184 4687 194 4707; x_wconf 92' lang='lat'><strong>.</strong></span> <span class='ocrx_word' id='word_1_390' title='bbox 234 4631 344 4707; x_wconf 87' lang='lat' dir='ltr'>Fotte</span> <span class='ocrx_word' id='word_1_391' title='bbox 380 4633 459 4710; x_wconf 87' lang='lat' dir='ltr'>sunt</span> <span class='ocrx_word' id='word_1_392' title='bbox 495 4635 655 4727; x_wconf 86' lang='lat' dir='ltr'>eadem,</span> <span class='ocrx_word' id='word_1_393' title='bbox 692 4661 769 4734; x_wconf 71' lang='lat' dir='ltr'>qua</span> <span class='ocrx_word' id='word_1_394' title='bbox 789 4637 966 4732; x_wconf 57' lang='lat' dir='ltr'>{deinceps</span> <span class='ocrx_word' id='word_1_395' title='bbox 1001 4661 1066 4731; x_wconf 85' lang='lat' dir='ltr'>pro</span> <span class='ocrx_word' id='word_1_396' title='bbox 1090 4631 1297 4731; x_wconf 80' lang='lat' dir='ltr'>quibusdam</span> <span class='ocrx_word' id='word_1_397' title='bbox 1333 4635 1509 4706; x_wconf 78' lang='lat' dir='ltr'>Americae</span> <span class='ocrx_word' id='word_1_398' title='bbox 1543 4635 1658 4729; x_wconf 88' lang='lat' dir='ltr'>regio-</span> 
     </span>
     <span class='ocr_line' id='line_1_42' title="bbox 164 4726 1658 4867; baseline -0.001 -56"><span class='ocrx_word' id='word_1_399' title='bbox 164 4734 225 4811; x_wconf 85' lang='lat' dir='ltr'>bus</span> <span class='ocrx_word' id='word_1_400' title='bbox 250 4733 410 4812; x_wconf 76' lang='lat' dir='ltr'>concessa</span> <span class='ocrx_word' id='word_1_401' title='bbox 435 4726 534 4829; x_wconf 88' lang='lat' dir='ltr'>sunt,</span> <span class='ocrx_word' id='word_1_402' title='bbox 560 4742 596 4816; x_wconf 83' lang='lat' dir='ltr'>dt</span> <span class='ocrx_word' id='word_1_403' title='bbox 620 4735 712 4812; x_wconf 85' lang='lat' dir='ltr'>infra</span> <span class='ocrx_word' id='word_1_404' title='bbox 738 4736 828 4829; x_wconf 78' lang='lat' dir='ltr'>Otd.</span> <span class='ocrx_word' id='word_1_405' title='bbox 857 4763 943 4835; x_wconf 88' lang='lat'>590.</span> <span class='ocrx_word' id='word_1_406' title='bbox 970 4757 1217 4835; x_wconf 77' lang='lat' dir='ltr'>expouunttn.</span> <span class='ocrx_word' id='word_1_407' title='bbox 1245 4735 1299 4807; x_wconf 78' lang='lat' dir='ltr'>Ex</span> <span class='ocrx_word' id='word_1_408' title='bbox 1325 4733 1394 4806; x_wconf 89' lang='lat' dir='ltr'>hoc</span> <span class='ocrx_word' id='word_1_409' title='bbox 1423 4755 1542 4807; x_wconf 85' lang='lat' dir='ltr'>tamen</span> <span class='ocrx_word' id='word_1_410' title='bbox 1563 4736 1658 4867; x_wconf 67' lang='lat' dir='ltr'>(prod</span> 
     </span>
     <span class='ocr_line' id='line_1_43' title="bbox 1524 4836 1609 4910; baseline 0.002 -0.195"><span class='ocrx_word' id='word_1_411' title='bbox 1524 4836 1609 4910; x_wconf 74' lang='lat' dir='ltr'>inc</span> 
     </span>
    </p>
   </div>
   <div class='ocr_carea' id='block_1_5' title="bbox 164 4956 1659 4991">
    <p class='ocr_par' dir='ltr' id='par_1_7' title="bbox 164 4956 1659 4991">
     <span class='ocr_line' id='line_1_44' title="bbox 164 4956 1659 4991; baseline 0.002 -9"><span class='ocrx_word' id='word_1_412' title='bbox 164 4956 1659 4991; x_wconf 47' lang='lat' dir='ltr'>nn-—u—-n—-p-nn-—un--n-——u-—u—*m</span> 
     </span>
    </p>
   </div>
   <div class='ocr_carea' id='block_1_6' title="bbox 164 5038 1345 5140">
    <p class='ocr_par' dir='ltr' id='par_1_8' title="bbox 164 5038 1345 5140">
     <span class='ocr_line' id='line_1_45' title="bbox 164 5038 1345 5140; baseline 0.002 -15"><span class='ocrx_word' id='word_1_413' title='bbox 164 5044 231 5140; x_wconf 67' lang='lat' dir='ltr'>(ai</span> <span class='ocrx_word' id='word_1_414' title='bbox 248 5038 418 5135; x_wconf 81' lang='lat' dir='ltr'>Cavalieri,</span> <span class='ocrx_word' id='word_1_415' title='bbox 439 5085 504 5127; x_wconf 80' lang='lat' dir='ltr'>tant.</span> <span class='ocrx_word' id='word_1_416' title='bbox 528 5089 553 5122; x_wconf 85' lang='lat'>2.</span> <span class='ocrx_word' id='word_1_417' title='bbox 575 5069 617 5124; x_wconf 81' lang='lat' dir='ltr'>De</span> <span class='ocrx_word' id='word_1_418' title='bbox 638 5068 700 5126; x_wconf 74' lang='lat' dir='ltr'>net.</span> <span class='ocrx_word' id='word_1_419' title='bbox 722 5064 846 5138; x_wconf 77' lang='lat' dir='ltr'>Litburg.</span> <span class='ocrx_word' id='word_1_420' title='bbox 866 5069 906 5126; x_wconf 79' lang='lat' dir='ltr'>ad</span> <span class='ocrx_word' id='word_1_421' title='bbox 926 5071 991 5126; x_wconf 82' lang='lat' dir='ltr'>Dec.</span> <span class='ocrx_word' id='word_1_422' title='bbox 1016 5072 1042 5118; x_wconf 74' lang='lat'>3·</span> <span class='ocrx_word' id='word_1_423' title='bbox 1062 5083 1124 5129; x_wconf 68' lang='lat' dir='ltr'>etin·</span> <span class='ocrx_word' id='word_1_424' title='bbox 1148 5087 1174 5131; x_wconf 86' lang='lat'>3·</span> <span class='ocrx_word' id='word_1_425' title='bbox 1192 5083 1258 5134; x_wconf 53' lang='grc' dir='ltr'>γῆς·</span> <span class='ocrx_word' id='word_1_426' title='bbox 1280 5078 1345 5127; x_wconf 78' lang='lat'>¹²5·</span> 
     </span>
    </p>
   </div>
   <div class='ocr_carea' id='block_1_7' title="bbox 1080 5141 1146 5214">
    <p class='ocr_par' dir='ltr' id='par_1_9' title="bbox 1080 5141 1146 5214">
     <span class='ocr_line' id='line_1_46' title="bbox 1080 5141 1146 5214; baseline -0.03 0"><span class='ocrx_word' id='word_1_427' title='bbox 1080 5141 1146 5214; x_wconf 94' lang='lat' dir='ltr'>Ll</span> 
     </span>
    </p>
   </div>
   <div class='ocr_carea' id='block_1_8' title="bbox 0 0 1934 5678">
    <p class='ocr_par' dir='ltr' id='par_1_10' title="bbox 0 0 1934 5678">
     <span class='ocr_line' id='line_1_47' title="bbox 0 0 1934 5678; baseline 0 0"><span class='ocrx_word' id='word_1_428' title='bbox 0 0 1934 5678; x_wconf 95' lang='lat' dir='ltr'> </span> 
     </span>
    </p>
   </div>
  </div>
 </body>
</html>
