<?xml version="1.0" encoding="UTF-8"?>
<!DOCTYPE html PUBLIC "-//W3C//DTD XHTML 1.0 Transitional//EN"
    "http://www.w3.org/TR/xhtml1/DTD/xhtml1-transitional.dtd">
<html xmlns="http://www.w3.org/1999/xhtml" xml:lang="en" lang="en">
 <head>
  <title>
</title>
<meta http-equiv="Content-Type" content="text/html;charset=utf-8" />
  <meta name='ocr-system' content='tesseract 3.04.00' />
  <meta name='ocr-capabilities' content='ocr_page ocr_carea ocr_par ocr_line ocrx_word'/>
</head>
<body>
  <div class='ocr_page' id='page_1' title='image "./fastinoviorbise00moregoog_0031.png"; bbox 0 0 3864 5686; ppageno 0'>
   <div class='ocr_carea' id='block_1_1' title="bbox 255 404 1154 494">
    <p class='ocr_par' dir='ltr' id='par_1_1' title="bbox 255 404 1154 494">
     <span class='ocr_line' id='line_1_1' title="bbox 255 404 1154 494; baseline -0.014 0"><span class='ocrx_word' id='word_1_1' title='bbox 255 414 301 494; x_wconf 77' lang='lat'>18</span> <span class='ocrx_word' id='word_1_2' title='bbox 760 404 1154 482; x_wconf 64' lang='lat' dir='ltr'>&#39;exori</span> 
     </span>
    </p>
   </div>
   <div class='ocr_carea' id='block_1_2' title="bbox 197 544 1747 2705">
    <p class='ocr_par' dir='ltr' id='par_1_2' title="bbox 201 544 1747 735">
     <span class='ocr_line' id='line_1_2' title="bbox 206 544 1747 656; baseline -0.006 -25"><span class='ocrx_word' id='word_1_3' title='bbox 206 557 254 634; x_wconf 87' lang='lat' dir='ltr'>ab</span> <span class='ocrx_word' id='word_1_4' title='bbox 281 558 361 656; x_wconf 88' lang='lat' dir='ltr'>igne</span> <span class='ocrx_word' id='word_1_5' title='bbox 389 551 514 630; x_wconf 78' lang='lat' dir='ltr'>insulir&#39;</span> <span class='ocrx_word' id='word_1_6' title='bbox 532 549 621 625; x_wconf 90' lang='lat' dir='ltr'>bene</span> <span class='ocrx_word' id='word_1_7' title='bbox 645 544 768 631; x_wconf 85' lang='lat' dir='ltr'>multis</span> <span class='ocrx_word' id='word_1_8' title='bbox 795 548 874 627; x_wconf 83' lang='lat' dir='ltr'>tota</span> <span class='ocrx_word' id='word_1_9' title='bbox 891 545 1056 640; x_wconf 86' lang='lat' dir='ltr'>conllat,</span> <span class='ocrx_word' id='word_1_10' title='bbox 1083 547 1228 634; x_wconf 77' lang='lat' dir='ltr'>traiediu</span> <span class='ocrx_word' id='word_1_11' title='bbox 1245 548 1394 626; x_wconf 84' lang='lat' dir='ltr'>navibus</span> <span class='ocrx_word' id='word_1_12' title='bbox 1418 544 1582 630; x_wconf 87' lang='lat' dir='ltr'>concesso</span> <span class='ocrx_word' id='word_1_13' title='bbox 1607 578 1747 656; x_wconf 75' lang='lat' dir='ltr'>perca.</span> 
     </span>
     <span class='ocr_line' id='line_1_3' title="bbox 201 657 481 735; baseline -0.018 -1"><span class='ocrx_word' id='word_1_14' title='bbox 201 662 299 735; x_wconf 84' lang='lat' dir='ltr'>nales</span> <span class='ocrx_word' id='word_1_15' title='bbox 323 657 481 733; x_wconf 87' lang='lat' dir='ltr'>medios.</span> 
     </span>
    </p>

    <p class='ocr_par' dir='ltr' id='par_1_3' title="bbox 200 747 1743 1165">
     <span class='ocr_line' id='line_1_4' title="bbox 252 747 1738 855; baseline -0.006 -17"><span class='ocrx_word' id='word_1_16' title='bbox 252 760 320 838; x_wconf 87' lang='lat' dir='ltr'>Per</span> <span class='ocrx_word' id='word_1_17' title='bbox 344 759 456 837; x_wconf 66' lang='lat' dir='ltr'>Nov‘ae</span> <span class='ocrx_word' id='word_1_18' title='bbox 480 751 661 854; x_wconf 82' lang='lat' dir='ltr'>Hispaniae</span> <span class='ocrx_word' id='word_1_19' title='bbox 685 779 767 830; x_wconf 89' lang='lat' dir='ltr'>oras</span> <span class='ocrx_word' id='word_1_20' title='bbox 795 778 815 829; x_wconf 93' lang='lat' dir='ltr'>a</span> <span class='ocrx_word' id='word_1_21' title='bbox 840 747 1006 829; x_wconf 84' lang='lat' dir='ltr'>Cortesro</span> <span class='ocrx_word' id='word_1_22' title='bbox 1031 753 1223 829; x_wconf 88' lang='lat' dir='ltr'>mittuntur</span> <span class='ocrx_word' id='word_1_23' title='bbox 1248 756 1513 855; x_wconf 84' lang='lat' dir='ltr'>exploratores,</span> <span class='ocrx_word' id='word_1_24' title='bbox 1539 763 1576 840; x_wconf 71' lang='grc' dir='ltr'>δι</span> <span class='ocrx_word' id='word_1_25' title='bbox 1602 761 1648 839; x_wconf 80' lang='lat' dir='ltr'>ad</span> <span class='ocrx_word' id='word_1_26' title='bbox 1675 788 1738 840; x_wconf 72' lang='lat' dir='ltr'>au.</span> 
     </span>
     <span class='ocr_line' id='line_1_5' title="bbox 200 852 1743 961; baseline 0.003 -20"><span class='ocrx_word' id='word_1_27' title='bbox 200 863 342 941; x_wconf 88' lang='lat' dir='ltr'>stralem</span> <span class='ocrx_word' id='word_1_28' title='bbox 366 863 510 961; x_wconf 90' lang='lat' dir='ltr'>quidem</span> <span class='ocrx_word' id='word_1_29' title='bbox 535 856 716 935; x_wconf 83' lang='lat' dir='ltr'>Gonzalus</span> <span class='ocrx_word' id='word_1_30' title='bbox 741 856 787 932; x_wconf 92' lang='lat' dir='ltr'>de</span> <span class='ocrx_word' id='word_1_31' title='bbox 811 852 985 948; x_wconf 89' lang='lat' dir='ltr'>Umbria,</span> <span class='ocrx_word' id='word_1_32' title='bbox 1012 856 1056 929; x_wconf 87' lang='lat' dir='ltr'>ad</span> <span class='ocrx_word' id='word_1_33' title='bbox 1081 855 1257 932; x_wconf 86' lang='lat' dir='ltr'>borealem</span> <span class='ocrx_word' id='word_1_34' title='bbox 1269 854 1477 936; x_wconf 84' lang='lat' dir='ltr'>Franciseus</span> <span class='ocrx_word' id='word_1_35' title='bbox 1502 858 1743 945; x_wconf 86' lang='lat' dir='ltr'>Pizarrocum</span> 
     </span>
     <span class='ocr_line' id='line_1_6' title="bbox 203 955 1737 1061; baseline 0 -17"><span class='ocrx_word' id='word_1_36' title='bbox 203 964 351 1045; x_wconf 84' lang='lat' dir='ltr'>Didaco</span> <span class='ocrx_word' id='word_1_37' title='bbox 376 966 421 1040; x_wconf 92' lang='lat' dir='ltr'>de</span> <span class='ocrx_word' id='word_1_38' title='bbox 447 962 587 1039; x_wconf 90' lang='lat' dir='ltr'>Ordas.</span> <span class='ocrx_word' id='word_1_39' title='bbox 613 959 699 1042; x_wconf 93' lang='lat' dir='ltr'>Quo</span> <span class='ocrx_word' id='word_1_40' title='bbox 726 979 886 1057; x_wconf 83' lang='lat' dir='ltr'>tompore</span> <span class='ocrx_word' id='word_1_41' title='bbox 912 978 1016 1034; x_wconf 85' lang='lat' dir='ltr'>certae</span> <span class='ocrx_word' id='word_1_42' title='bbox 1041 955 1174 1033; x_wconf 82' lang='lat' dir='ltr'>fodinae</span> <span class='ocrx_word' id='word_1_43' title='bbox 1199 980 1344 1061; x_wconf 84' lang='lat' dir='ltr'>repertae</span> <span class='ocrx_word' id='word_1_44' title='bbox 1369 959 1474 1056; x_wconf 90' lang='lat' dir='ltr'>suut,</span> <span class='ocrx_word' id='word_1_45' title='bbox 1509 968 1547 1043; x_wconf 77' lang='lat' dir='ltr'>dr</span> <span class='ocrx_word' id='word_1_46' title='bbox 1571 961 1737 1046; x_wconf 88' lang='lat' dir='ltr'>Motezu·</span> 
     </span>
     <span class='ocr_line' id='line_1_7' title="bbox 200 1058 1234 1165; baseline -0.009 -20"><span class='ocrx_word' id='word_1_47' title='bbox 200 1094 261 1145; x_wconf 87' lang='lat' dir='ltr'>ma</span> <span class='ocrx_word' id='word_1_48' title='bbox 287 1066 487 1165; x_wconf 83' lang='lat' dir='ltr'>Imperator</span> <span class='ocrx_word' id='word_1_49' title='bbox 512 1064 622 1164; x_wconf 85' lang='lat' dir='ltr'>Regis</span> <span class='ocrx_word' id='word_1_50' title='bbox 647 1061 798 1161; x_wconf 76' lang='lat' dir='ltr'><strong>Hispani</strong></span> <span class='ocrx_word' id='word_1_51' title='bbox 825 1058 935 1136; x_wconf 78' lang='lat' dir='ltr'>sadius</span> <span class='ocrx_word' id='word_1_52' title='bbox 960 1059 1009 1136; x_wconf 94' lang='lat' dir='ltr'>est</span> <span class='ocrx_word' id='word_1_53' title='bbox 1033 1060 1234 1158; x_wconf 69' lang='lat' dir='ltr'>vediigali8.</span> 
     </span>
    </p>

    <p class='ocr_par' dir='ltr' id='par_1_4' title="bbox 197 1162 1743 1556">
     <span class='ocr_line' id='line_1_8' title="bbox 252 1162 1743 1268; baseline 0.001 -23"><span class='ocrx_word' id='word_1_54' title='bbox 252 1168 373 1268; x_wconf 86' lang='lat' dir='ltr'>Pergit</span> <span class='ocrx_word' id='word_1_55' title='bbox 399 1171 437 1244; x_wconf 91' lang='lat' dir='ltr'>in</span> <span class='ocrx_word' id='word_1_56' title='bbox 464 1168 604 1264; x_wconf 88' lang='lat' dir='ltr'>incepta</span> <span class='ocrx_word' id='word_1_57' title='bbox 630 1163 783 1242; x_wconf 88' lang='lat' dir='ltr'>Floridae</span> <span class='ocrx_word' id='word_1_58' title='bbox 818 1162 1088 1263; x_wconf 87' lang='lat' dir='ltr'>investigatione</span> <span class='ocrx_word' id='word_1_59' title='bbox 1122 1162 1200 1240; x_wconf 89' lang='lat' dir='ltr'>Lic.</span> <span class='ocrx_word' id='word_1_60' title='bbox 1235 1163 1354 1243; x_wconf 84' lang='lat' dir='ltr'>Lucas</span> <span class='ocrx_word' id='word_1_61' title='bbox 1380 1164 1544 1268; x_wconf 80' lang='lat' dir='ltr'>Vazquez</span> <span class='ocrx_word' id='word_1_62' title='bbox 1580 1169 1628 1246; x_wconf 91' lang='lat' dir='ltr'>de</span> <span class='ocrx_word' id='word_1_63' title='bbox 1654 1171 1743 1265; x_wconf 81' lang='lat' dir='ltr'>Ayl·</span> 
     </span>
     <span class='ocr_line' id='line_1_9' title="bbox 197 1263 1742 1370; baseline 0.002 -22"><span class='ocrx_word' id='word_1_64' title='bbox 197 1272 285 1363; x_wconf 87' lang='lat' dir='ltr'>lon,</span> <span class='ocrx_word' id='word_1_65' title='bbox 310 1270 463 1347; x_wconf 78' lang='lat' dir='ltr'>lustratis</span> <span class='ocrx_word' id='word_1_66' title='bbox 486 1269 736 1370; x_wconf 88' lang='lat' dir='ltr'>promontorio</span> <span class='ocrx_word' id='word_1_67' title='bbox 760 1266 799 1344; x_wconf 87' lang='lat' dir='ltr'>S.</span> <span class='ocrx_word' id='word_1_68' title='bbox 821 1264 969 1342; x_wconf 78' lang='lat' dir='ltr'>Helenae</span> <span class='ocrx_word' id='word_1_69' title='bbox 1002 1270 1039 1346; x_wconf 75' lang='grc' dir='ltr'>δι</span> <span class='ocrx_word' id='word_1_70' title='bbox 1062 1263 1252 1344; x_wconf 86' lang='lat' dir='ltr'>Provincia</span> <span class='ocrx_word' id='word_1_71' title='bbox 1277 1268 1316 1343; x_wconf 82' lang='lat' dir='ltr'>de</span> <span class='ocrx_word' id='word_1_72' title='bbox 1340 1274 1370 1344; x_wconf 83' lang='lat' dir='ltr'><em>C</em></span> <span class='ocrx_word' id='word_1_73' title='bbox 1370 1269 1514 1345; x_wconf 82' lang='lat' dir='ltr'>bicora.</span> <span class='ocrx_word' id='word_1_74' title='bbox 1554 1268 1742 1351; x_wconf 81' lang='lat' dir='ltr'>Prominet</span> 
     </span>
     <span class='ocr_line' id='line_1_10' title="bbox 198 1364 1739 1554; baseline 0.003 -106"><span class='ocrx_word' id='word_1_75' title='bbox 198 1398 284 1448; x_wconf 88' lang='lat' dir='ltr'>vero</span> <span class='ocrx_word' id='word_1_76' title='bbox 308 1373 504 1554; x_wconf 53' lang='lat' dir='ltr'>bl&#39;iHelenae</span> <span class='ocrx_word' id='word_1_77' title='bbox 530 1373 818 1476; x_wconf 87' lang='lat' dir='ltr'>promontorium</span> <span class='ocrx_word' id='word_1_78' title='bbox 842 1370 890 1446; x_wconf 88' lang='lat' dir='ltr'>ad</span> <span class='ocrx_word' id='word_1_79' title='bbox 914 1366 1044 1445; x_wconf 90' lang='lat' dir='ltr'>ollium</span> <span class='ocrx_word' id='word_1_80' title='bbox 1071 1364 1251 1465; x_wconf 86' lang='lat' dir='ltr'>fluminis,</span> <span class='ocrx_word' id='word_1_81' title='bbox 1277 1369 1558 1473; x_wconf 78' lang='lat' dir='ltr'>quodJordanea</span> <span class='ocrx_word' id='word_1_82' title='bbox 1582 1377 1739 1478; x_wconf 77' lang='lat' dir='ltr'>appella·</span> 
     </span>
     <span class='ocr_line' id='line_1_11' title="bbox 197 1494 370 1556; baseline -0.023 0"><span class='ocrx_word' id='word_1_83' title='bbox 197 1494 321 1556; x_wconf 86' lang='lat' dir='ltr'>turne</span> <span class='ocrx_word' id='word_1_84' title='bbox 360 1531 370 1553; x_wconf 95' lang='lat'>.</span> 
     </span>
    </p>

    <p class='ocr_par' dir='ltr' id='par_1_5' title="bbox 469 1596 1425 1879">
     <span class='ocr_line' id='line_1_12' title="bbox 482 1596 1026 1672; baseline -0.006 -21"><span class='ocrx_word' id='word_1_85' title='bbox 482 1646 485 1651; x_wconf 12' lang='grc' dir='ltr'><em>Α</em></span> <span class='ocrx_word' id='word_1_86' title='bbox 917 1596 1026 1672; x_wconf 85' lang='lat'>¹52¹·</span> 
     </span>
     <span class='ocr_line' id='line_1_13' title="bbox 509 1674 1425 1777; baseline -0.003 -18"><span class='ocrx_word' id='word_1_87' title='bbox 509 1679 714 1759; x_wconf 89' lang='lat' dir='ltr'>Latronum</span> <span class='ocrx_word' id='word_1_88' title='bbox 741 1674 888 1753; x_wconf 81' lang='lat' dir='ltr'>Insulae.</span> <span class='ocrx_word' id='word_1_89' title='bbox 915 1680 1015 1777; x_wconf 77' lang='lat' dir='ltr'>long.</span> <span class='ocrx_word' id='word_1_90' title='bbox 1046 1681 1130 1752; x_wconf 88' lang='lat'>162.</span> <span class='ocrx_word' id='word_1_91' title='bbox 1157 1681 1239 1754; x_wconf 80' lang='lat' dir='ltr'>Lat.</span> <span class='ocrx_word' id='word_1_92' title='bbox 1266 1678 1333 1757; x_wconf 86' lang='lat' dir='ltr'>bor.</span> <span class='ocrx_word' id='word_1_93' title='bbox 1367 1686 1425 1760; x_wconf 87' lang='lat'>16.</span> 
     </span>
     <span class='ocr_line' id='line_1_14' title="bbox 469 1780 1321 1879; baseline -0.002 -21"><span class='ocrx_word' id='word_1_94' title='bbox 469 1856 473 1869; x_wconf 84' lang='grc'><strong>,</strong></span> <span class='ocrx_word' id='word_1_95' title='bbox 595 1781 802 1858; x_wconf 89' lang='lat' dir='ltr'>Mexicum.</span> <span class='ocrx_word' id='word_1_96' title='bbox 830 1786 929 1879; x_wconf 76' lang='lat' dir='ltr'>long.</span> <span class='ocrx_word' id='word_1_97' title='bbox 959 1786 1046 1877; x_wconf 90' lang='lat'>265.</span> <span class='ocrx_word' id='word_1_98' title='bbox 1073 1780 1139 1854; x_wconf 82' lang='lat' dir='ltr'>lat.</span> <span class='ocrx_word' id='word_1_99' title='bbox 1165 1780 1233 1856; x_wconf 80' lang='lat' dir='ltr'>bor.</span> <span class='ocrx_word' id='word_1_100' title='bbox 1263 1806 1321 1859; x_wconf 82' lang='lat'>20.</span> 
     </span>
    </p>

    <p class='ocr_par' dir='ltr' id='par_1_6' title="bbox 197 1878 1745 2705">
     <span class='ocr_line' id='line_1_15' title="bbox 247 1878 1742 1987; baseline -0.001 -23"><span class='ocrx_word' id='word_1_101' title='bbox 247 1882 434 1964; x_wconf 85' lang='lat' dir='ltr'>Laudatus</span> <span class='ocrx_word' id='word_1_102' title='bbox 459 1878 686 1984; x_wconf 87' lang='lat' dir='ltr'>Magallanes</span> <span class='ocrx_word' id='word_1_103' title='bbox 717 1883 814 1960; x_wconf 92' lang='lat' dir='ltr'>venit</span> <span class='ocrx_word' id='word_1_104' title='bbox 841 1885 879 1960; x_wconf 90' lang='lat' dir='ltr'>in</span> <span class='ocrx_word' id='word_1_105' title='bbox 904 1882 1035 1959; x_wconf 85' lang='lat' dir='ltr'>insulas</span> <span class='ocrx_word' id='word_1_106' title='bbox 1060 1883 1266 1979; x_wconf 84' lang='lat' dir='ltr'>latronum,</span> <span class='ocrx_word' id='word_1_107' title='bbox 1291 1906 1379 1987; x_wconf 80' lang='lat' dir='ltr'>quas</span> <span class='ocrx_word' id='word_1_108' title='bbox 1403 1884 1442 1962; x_wconf 91' lang='lat' dir='ltr'>S.</span> <span class='ocrx_word' id='word_1_109' title='bbox 1454 1884 1585 1965; x_wconf 87' lang='lat' dir='ltr'>Lazari</span> <span class='ocrx_word' id='word_1_110' title='bbox 1614 1884 1742 1965; x_wconf 85' lang='lat' dir='ltr'>Archi·</span> 
     </span>
     <span class='ocr_line' id='line_1_16' title="bbox 201 1981 1743 2092; baseline 0.001 -28"><span class='ocrx_word' id='word_1_111' title='bbox 201 1992 346 2092; x_wconf 89' lang='lat' dir='ltr'>pelagus</span> <span class='ocrx_word' id='word_1_112' title='bbox 372 2005 496 2066; x_wconf 87' lang='lat' dir='ltr'>vocat.</span> <span class='ocrx_word' id='word_1_113' title='bbox 533 1988 685 2065; x_wconf 91' lang='lat' dir='ltr'>Easdem</span> <span class='ocrx_word' id='word_1_114' title='bbox 722 2011 788 2062; x_wconf 87' lang='lat' dir='ltr'>nos</span> <span class='ocrx_word' id='word_1_115' title='bbox 816 1986 1033 2086; x_wconf 82' lang='lat' dir='ltr'>appellamus</span> <span class='ocrx_word' id='word_1_116' title='bbox 1057 1981 1265 2064; x_wconf 82' lang='lat' dir='ltr'>Marianas.</span> <span class='ocrx_word' id='word_1_117' title='bbox 1294 1991 1308 2018; x_wconf 80' lang='lat'><strong>*</strong></span> <span class='ocrx_word' id='word_1_118' title='bbox 1348 1989 1494 2066; x_wconf 84' lang='lat' dir='ltr'>Eaedem</span> <span class='ocrx_word' id='word_1_119' title='bbox 1521 2016 1542 2066; x_wconf 89' lang='lat' dir='ltr'>a</span> <span class='ocrx_word' id='word_1_120' title='bbox 1569 1991 1664 2067; x_wconf 89' lang='lat' dir='ltr'>Velis</span> <span class='ocrx_word' id='word_1_121' title='bbox 1689 1989 1743 2066; x_wconf 87' lang='lat' dir='ltr'>di·</span> 
     </span>
     <span class='ocr_line' id='line_1_17' title="bbox 199 2088 1743 2192; baseline -0.002 -22"><span class='ocrx_word' id='word_1_122' title='bbox 199 2096 262 2170; x_wconf 71' lang='lat' dir='ltr'>&amp;ae</span> <span class='ocrx_word' id='word_1_123' title='bbox 286 2093 392 2184; x_wconf 90' lang='lat' dir='ltr'>sunt,</span> <span class='ocrx_word' id='word_1_124' title='bbox 416 2114 487 2189; x_wconf 89' lang='lat' dir='ltr'>qua</span> <span class='ocrx_word' id='word_1_125' title='bbox 515 2091 609 2167; x_wconf 86' lang='lat' dir='ltr'>linea</span> <span class='ocrx_word' id='word_1_126' title='bbox 634 2088 912 2165; x_wconf 81' lang='lat' dir='ltr'>demarcationis</span> <span class='ocrx_word' id='word_1_127' title='bbox 948 2088 1111 2166; x_wconf 86' lang='lat' dir='ltr'>ducenda</span> <span class='ocrx_word' id='word_1_128' title='bbox 1148 2092 1324 2167; x_wconf 88' lang='lat' dir='ltr'>creditur.</span> <span class='ocrx_word' id='word_1_129' title='bbox 1353 2093 1367 2122; x_wconf 86' lang='lat'><strong>*</strong></span> <span class='ocrx_word' id='word_1_130' title='bbox 1393 2090 1574 2169; x_wconf 87' lang='lat' dir='ltr'>Lustravit</span> <span class='ocrx_word' id='word_1_131' title='bbox 1600 2093 1743 2192; x_wconf 83' lang='lat' dir='ltr'>insuper</span> 
     </span>
     <span class='ocr_line' id='line_1_18' title="bbox 198 2189 1745 2293; baseline -0.002 -20"><span class='ocrx_word' id='word_1_132' title='bbox 198 2194 445 2293; x_wconf 87' lang='lat' dir='ltr'>Magallanius</span> <span class='ocrx_word' id='word_1_133' title='bbox 470 2192 594 2287; x_wconf 87' lang='lat' dir='ltr'>Cebu,</span> <span class='ocrx_word' id='word_1_134' title='bbox 621 2190 884 2292; x_wconf 86' lang='lat' dir='ltr'>Maranumque</span> <span class='ocrx_word' id='word_1_135' title='bbox 914 2189 1065 2285; x_wconf 76' lang='lat' dir='ltr'>insidat,</span> <span class='ocrx_word' id='word_1_136' title='bbox 1091 2189 1151 2267; x_wconf 88' lang='lat' dir='ltr'>ubi</span> <span class='ocrx_word' id='word_1_137' title='bbox 1171 2193 1305 2270; x_wconf 86' lang='lat' dir='ltr'>occisus</span> <span class='ocrx_word' id='word_1_138' title='bbox 1329 2191 1403 2287; x_wconf 88' lang='lat' dir='ltr'>est,</span> <span class='ocrx_word' id='word_1_139' title='bbox 1430 2194 1463 2270; x_wconf 90' lang='lat' dir='ltr'>ei</span> <span class='ocrx_word' id='word_1_140' title='bbox 1489 2192 1745 2273; x_wconf 71' lang='lat' dir='ltr'>suffeetofion-</span> 
     </span>
     <span class='ocr_line' id='line_1_19' title="bbox 200 2292 1742 2397; baseline 0.001 -23"><span class='ocrx_word' id='word_1_141' title='bbox 200 2301 281 2374; x_wconf 90' lang='lat' dir='ltr'>zalo</span> <span class='ocrx_word' id='word_1_142' title='bbox 305 2297 448 2373; x_wconf 91' lang='lat' dir='ltr'>Gomez</span> <span class='ocrx_word' id='word_1_143' title='bbox 471 2297 517 2373; x_wconf 91' lang='lat' dir='ltr'>de</span> <span class='ocrx_word' id='word_1_144' title='bbox 543 2294 735 2394; x_wconf 86' lang='lat' dir='ltr'>Espinosa‚</span> <span class='ocrx_word' id='word_1_145' title='bbox 761 2295 821 2393; x_wconf 87' lang='lat' dir='ltr'>qui</span> <span class='ocrx_word' id='word_1_146' title='bbox 846 2295 933 2370; x_wconf 88' lang='lat' dir='ltr'>duas</span> <span class='ocrx_word' id='word_1_147' title='bbox 957 2295 1002 2371; x_wconf 90' lang='lat' dir='ltr'>de</span> <span class='ocrx_word' id='word_1_148' title='bbox 1027 2292 1131 2370; x_wconf 83' lang='lat' dir='ltr'>classe</span> <span class='ocrx_word' id='word_1_149' title='bbox 1156 2320 1262 2372; x_wconf 86' lang='lat' dir='ltr'>naves</span> <span class='ocrx_word' id='word_1_150' title='bbox 1287 2293 1349 2372; x_wconf 89' lang='lat' dir='ltr'>fibi</span> <span class='ocrx_word' id='word_1_151' title='bbox 1375 2297 1507 2397; x_wconf 83' lang='lat' dir='ltr'>delegit</span> <span class='ocrx_word' id='word_1_152' title='bbox 1534 2325 1556 2373; x_wconf 90' lang='lat' dir='ltr'>a</span> <span class='ocrx_word' id='word_1_153' title='bbox 1582 2298 1742 2376; x_wconf 85' lang='lat' dir='ltr'>Trinita-</span> 
     </span>
     <span class='ocr_line' id='line_1_20' title="bbox 199 2397 1745 2501; baseline -0.001 -23"><span class='ocrx_word' id='word_1_154' title='bbox 199 2419 236 2478; x_wconf 88' lang='lat' dir='ltr'>te</span> <span class='ocrx_word' id='word_1_155' title='bbox 261 2401 393 2498; x_wconf 62' lang='lat' dir='ltr'>didam</span> <span class='ocrx_word' id='word_1_156' title='bbox 420 2403 456 2479; x_wconf 70' lang='grc' dir='ltr'>ὃ(</span> <span class='ocrx_word' id='word_1_157' title='bbox 481 2399 700 2492; x_wconf 76' lang='lat' dir='ltr'>Viiloriam,</span> <span class='ocrx_word' id='word_1_158' title='bbox 727 2400 878 2497; x_wconf 87' lang='lat' dir='ltr'>reliquas</span> <span class='ocrx_word' id='word_1_159' title='bbox 903 2422 968 2495; x_wconf 92' lang='lat' dir='ltr'>pro</span> <span class='ocrx_word' id='word_1_160' title='bbox 1003 2397 1171 2474; x_wconf 78' lang='lat' dir='ltr'>derelidiis</span> <span class='ocrx_word' id='word_1_161' title='bbox 1195 2398 1343 2477; x_wconf 86' lang='lat' dir='ltr'>habuit.</span> <span class='ocrx_word' id='word_1_162' title='bbox 1370 2399 1480 2476; x_wconf 89' lang='lat' dir='ltr'>Sinici</span> <span class='ocrx_word' id='word_1_163' title='bbox 1507 2399 1624 2476; x_wconf 83' lang='lat' dir='ltr'>lintris</span> <span class='ocrx_word' id='word_1_164' title='bbox 1664 2426 1745 2501; x_wconf 90' lang='lat' dir='ltr'>pro·</span> 
     </span>
     <span class='ocr_line' id='line_1_21' title="bbox 202 2499 1739 2604; baseline 0 -25"><span class='ocrx_word' id='word_1_165' title='bbox 202 2527 282 2579; x_wconf 85' lang='lat' dir='ltr'>rant</span> <span class='ocrx_word' id='word_1_166' title='bbox 305 2502 389 2579; x_wconf 89' lang='lat' dir='ltr'>casu</span> <span class='ocrx_word' id='word_1_167' title='bbox 413 2502 575 2579; x_wconf 88' lang='lat' dir='ltr'>ducentis</span> <span class='ocrx_word' id='word_1_168' title='bbox 603 2504 649 2578; x_wconf 92' lang='lat' dir='ltr'>ad</span> <span class='ocrx_word' id='word_1_169' title='bbox 661 2499 831 2576; x_wconf 89' lang='lat' dir='ltr'>Molucas</span> <span class='ocrx_word' id='word_1_170' title='bbox 856 2500 1129 2602; x_wconf 84' lang='lat' dir='ltr'>gubernatorem</span> <span class='ocrx_word' id='word_1_171' title='bbox 1157 2501 1203 2577; x_wconf 85' lang='lat' dir='ltr'>ad</span> <span class='ocrx_word' id='word_1_172' title='bbox 1228 2500 1264 2576; x_wconf 90' lang='lat' dir='ltr'>se</span> <span class='ocrx_word' id='word_1_173' title='bbox 1291 2502 1429 2580; x_wconf 87' lang='lat' dir='ltr'>vocavit</span> <span class='ocrx_word' id='word_1_174' title='bbox 1444 2502 1637 2603; x_wconf 84' lang='lat' dir='ltr'>Espinosa‚</span> <span class='ocrx_word' id='word_1_175' title='bbox 1664 2528 1739 2604; x_wconf 91' lang='lat' dir='ltr'>quo</span> 
     </span>
     <span class='ocr_line' id='line_1_22' title="bbox 197 2601 1735 2705; baseline -0.002 -23"><span class='ocrx_word' id='word_1_176' title='bbox 197 2606 287 2682; x_wconf 87' lang='lat' dir='ltr'>duce</span> <span class='ocrx_word' id='word_1_177' title='bbox 298 2606 456 2683; x_wconf 83' lang='lat' dir='ltr'>Todurae</span> <span class='ocrx_word' id='word_1_178' title='bbox 466 2606 631 2705; x_wconf 88' lang='lat' dir='ltr'>applicuit</span> <span class='ocrx_word' id='word_1_179' title='bbox 648 2604 683 2681; x_wconf 92' lang='lat'>8.</span> <span class='ocrx_word' id='word_1_180' title='bbox 696 2603 932 2695; x_wconf 87' lang='lat' dir='ltr'>Novembris,</span> <span class='ocrx_word' id='word_1_181' title='bbox 959 2607 1014 2678; x_wconf 89' lang='lat' dir='ltr'>vel</span> <span class='ocrx_word' id='word_1_182' title='bbox 1025 2623 1197 2698; x_wconf 87' lang='lat' dir='ltr'>exeunte,</span> <span class='ocrx_word' id='word_1_183' title='bbox 1224 2601 1512 2701; x_wconf 85' lang='lat' dir='ltr'>s10soriofides,</span> <span class='ocrx_word' id='word_1_184' title='bbox 1539 2605 1695 2682; x_wconf 70' lang='lat' dir='ltr'>Ollobre</span> <span class='ocrx_word' id='word_1_185' title='bbox 1726 2660 1735 2679; x_wconf 97' lang='lat'>.</span> 
     </span>
    </p>
   </div>
   <div class='ocr_carea' id='block_1_3' title="bbox 126 2704 1739 2807">
    <p class='ocr_par' dir='ltr' id='par_1_7' title="bbox 126 2704 1739 2807">
     <span class='ocr_line' id='line_1_23' title="bbox 126 2704 1739 2807; baseline -0.001 -24"><span class='ocrx_word' id='word_1_186' title='bbox 126 2737 131 2748; x_wconf 70' lang='lat'><strong><em>¹</em></strong></span> <span class='ocrx_word' id='word_1_187' title='bbox 199 2706 288 2784; x_wconf 91' lang='lat' dir='ltr'>Inde</span> <span class='ocrx_word' id='word_1_188' title='bbox 315 2709 461 2786; x_wconf 89' lang='lat' dir='ltr'>taudem</span> <span class='ocrx_word' id='word_1_189' title='bbox 486 2711 533 2784; x_wconf 85' lang='lat' dir='ltr'>ad</span> <span class='ocrx_word' id='word_1_190' title='bbox 557 2707 770 2807; x_wconf 89' lang='lat' dir='ltr'>Hispaniam</span> <span class='ocrx_word' id='word_1_191' title='bbox 796 2730 857 2805; x_wconf 87' lang='lat' dir='ltr'>per</span> <span class='ocrx_word' id='word_1_192' title='bbox 882 2705 1040 2782; x_wconf 91' lang='lat' dir='ltr'>indicum</span> <span class='ocrx_word' id='word_1_193' title='bbox 1065 2707 1133 2781; x_wconf 87' lang='lat' dir='ltr'>iter</span> <span class='ocrx_word' id='word_1_194' title='bbox 1158 2704 1312 2784; x_wconf 85' lang='lat' dir='ltr'>reversus</span> <span class='ocrx_word' id='word_1_195' title='bbox 1338 2708 1497 2785; x_wconf 66' lang='lat' dir='ltr'>viatoria</span> <span class='ocrx_word' id='word_1_196' title='bbox 1523 2733 1635 2801; x_wconf 88' lang='lat' dir='ltr'>nave,</span> <span class='ocrx_word' id='word_1_197' title='bbox 1661 2731 1739 2806; x_wconf 83' lang='lat' dir='ltr'>quae</span> 
     </span>
    </p>
   </div>
   <div class='ocr_carea' id='block_1_4' title="bbox 197 2799 1743 3010">
    <p class='ocr_par' dir='ltr' id='par_1_8' title="bbox 197 2799 1743 3010">
     <span class='ocr_line' id='line_1_24' title="bbox 197 2799 1743 2911; baseline -0.002 -26"><span class='ocrx_word' id='word_1_198' title='bbox 197 2813 314 2911; x_wconf 89' lang='lat' dir='ltr'>prima</span> <span class='ocrx_word' id='word_1_199' title='bbox 338 2811 498 2887; x_wconf 89' lang='lat' dir='ltr'>circuivit</span> <span class='ocrx_word' id='word_1_200' title='bbox 524 2810 647 2886; x_wconf 90' lang='lat' dir='ltr'>orbem</span> <span class='ocrx_word' id='word_1_201' title='bbox 659 2867 670 2906; x_wconf 92' lang='lat'>,</span> <span class='ocrx_word' id='word_1_202' title='bbox 708 2815 745 2888; x_wconf 77' lang='lat' dir='ltr'>de</span> <span class='ocrx_word' id='word_1_203' title='bbox 778 2806 917 2907; x_wconf 86' lang='lat' dir='ltr'>Hispali</span> <span class='ocrx_word' id='word_1_204' title='bbox 933 2799 1193 2898; x_wconf 72' lang='lat' dir='ltr'>conservatur.</span> <span class='ocrx_word' id='word_1_205' title='bbox 1233 2811 1246 2840; x_wconf 68' lang='lat'>&#39;¹</span> <span class='ocrx_word' id='word_1_206' title='bbox 1283 2807 1495 2888; x_wconf 91' lang='lat' dir='ltr'>Conservari</span> <span class='ocrx_word' id='word_1_207' title='bbox 1530 2809 1743 2886; x_wconf 89' lang='lat' dir='ltr'>crediderim</span> 
     </span>
     <span class='ocr_line' id='line_1_25' title="bbox 197 2909 1279 3010; baseline -0.003 -20"><span class='ocrx_word' id='word_1_208' title='bbox 197 2913 271 3006; x_wconf 82' lang='lat' dir='ltr'>ejus</span> <span class='ocrx_word' id='word_1_209' title='bbox 295 2932 595 3008; x_wconf 86' lang='lat' dir='ltr'>monumentum,</span> <span class='ocrx_word' id='word_1_210' title='bbox 621 2917 677 2990; x_wconf 90' lang='lat' dir='ltr'>vel</span> <span class='ocrx_word' id='word_1_211' title='bbox 703 2910 905 3010; x_wconf 71' lang='lat' dir='ltr'>partem*</span> <span class='ocrx_word' id='word_1_212' title='bbox 1143 2909 1147 2916; x_wconf 81' lang='grc'>’</span> <span class='ocrx_word' id='word_1_213' title='bbox 1275 2911 1279 2918; x_wconf 79' lang='grc'><strong>’</strong></span> 
     </span>
    </p>
   </div>
   <div class='ocr_carea' id='block_1_5' title="bbox 108 3012 1597 3120">
    <p class='ocr_par' dir='ltr' id='par_1_9' title="bbox 108 3012 1597 3120">
     <span class='ocr_line' id='line_1_26' title="bbox 108 3012 1597 3120; baseline -0.004 -25"><span class='ocrx_word' id='word_1_214' title='bbox 108 3026 113 3036; x_wconf 92' lang='grc'><em>’</em></span> <span class='ocrx_word' id='word_1_215' title='bbox 252 3014 435 3098; x_wconf 85' lang='lat' dir='ltr'>Cortesrus</span> <span class='ocrx_word' id='word_1_216' title='bbox 462 3013 611 3096; x_wconf 89' lang='lat' dir='ltr'>Mexico</span> <span class='ocrx_word' id='word_1_217' title='bbox 636 3021 771 3120; x_wconf 89' lang='lat' dir='ltr'>potitus</span> <span class='ocrx_word' id='word_1_218' title='bbox 796 3013 906 3092; x_wconf 86' lang='lat' dir='ltr'>finem</span> <span class='ocrx_word' id='word_1_219' title='bbox 931 3012 1211 3093; x_wconf 85' lang='lat' dir='ltr'>Mexicanorum</span> <span class='ocrx_word' id='word_1_220' title='bbox 1235 3012 1393 3114; x_wconf 88' lang='lat' dir='ltr'>imponit</span> <span class='ocrx_word' id='word_1_221' title='bbox 1418 3013 1597 3117; x_wconf 88' lang='lat' dir='ltr'>Imperio.</span> 
     </span>
    </p>
   </div>
   <div class='ocr_carea' id='block_1_6' title="bbox 194 3141 1745 4237">
    <p class='ocr_par' dir='ltr' id='par_1_10' title="bbox 574 3141 1432 3516">
     <span class='ocr_line' id='line_1_27' title="bbox 907 3141 1018 3219; baseline 0 -25"><span class='ocrx_word' id='word_1_222' title='bbox 907 3141 1018 3219; x_wconf 83' lang='lat'>1522.</span> 
     </span>
     <span class='ocr_line' id='line_1_28' title="bbox 574 3218 1364 3321; baseline -0.008 -22"><span class='ocrx_word' id='word_1_223' title='bbox 574 3220 826 3302; x_wconf 80' lang='lat' dir='ltr'>Mechoacan.</span> <span class='ocrx_word' id='word_1_224' title='bbox 854 3227 954 3321; x_wconf 78' lang='lat' dir='ltr'>long.</span> <span class='ocrx_word' id='word_1_225' title='bbox 983 3229 1070 3298; x_wconf 84' lang='lat'>260.</span> <span class='ocrx_word' id='word_1_226' title='bbox 1097 3224 1177 3296; x_wconf 80' lang='lat' dir='ltr'>Lat.</span> <span class='ocrx_word' id='word_1_227' title='bbox 1206 3218 1274 3294; x_wconf 83' lang='lat' dir='ltr'>bor.</span> <span class='ocrx_word' id='word_1_228' title='bbox 1304 3245 1364 3295; x_wconf 88' lang='lat'>20.</span> 
     </span>
     <span class='ocr_line' id='line_1_29' title="bbox 611 3316 1343 3416; baseline -0.007 -20"><span class='ocrx_word' id='word_1_229' title='bbox 611 3327 836 3415; x_wconf 87' lang='lat' dir='ltr'>Nicaragua.</span> <span class='ocrx_word' id='word_1_230' title='bbox 864 3328 963 3416; x_wconf 76' lang='lat' dir='ltr'>Long-</span> <span class='ocrx_word' id='word_1_231' title='bbox 992 3317 1078 3390; x_wconf 89' lang='lat'>280.</span> <span class='ocrx_word' id='word_1_232' title='bbox 1104 3320 1186 3389; x_wconf 81' lang='lat' dir='ltr'>Lat.</span> <span class='ocrx_word' id='word_1_233' title='bbox 1213 3316 1278 3390; x_wconf 84' lang='lat' dir='ltr'>bor.</span> <span class='ocrx_word' id='word_1_234' title='bbox 1308 3318 1343 3391; x_wconf 91' lang='lat'>8.</span> 
     </span>
     <span class='ocr_line' id='line_1_30' title="bbox 633 3414 1432 3516; baseline -0.001 -23"><span class='ocrx_word' id='word_1_235' title='bbox 633 3417 837 3515; x_wconf 90' lang='lat' dir='ltr'>Meliapur.</span> <span class='ocrx_word' id='word_1_236' title='bbox 863 3418 964 3516; x_wconf 82' lang='lat' dir='ltr'>Long.</span> <span class='ocrx_word' id='word_1_237' title='bbox 990 3441 1054 3510; x_wconf 92' lang='lat'>99.</span> <span class='ocrx_word' id='word_1_238' title='bbox 1081 3419 1160 3490; x_wconf 78' lang='lat' dir='ltr'>Lat.</span> <span class='ocrx_word' id='word_1_239' title='bbox 1188 3414 1299 3514; x_wconf 89' lang='lat' dir='ltr'>bor.7.</span> <span class='ocrx_word' id='word_1_240' title='bbox 1426 3421 1432 3435; x_wconf 84' lang='lat'>&#39;</span> 
     </span>
    </p>

    <p class='ocr_par' dir='ltr' id='par_1_11' title="bbox 196 3517 1745 3931">
     <span class='ocr_line' id='line_1_31' title="bbox 248 3517 1745 3623; baseline 0.002 -22"><span class='ocrx_word' id='word_1_241' title='bbox 248 3523 399 3601; x_wconf 86' lang='lat' dir='ltr'>Parillas</span> <span class='ocrx_word' id='word_1_242' title='bbox 422 3517 575 3597; x_wconf 84' lang='lat' dir='ltr'>Cortesri</span> <span class='ocrx_word' id='word_1_243' title='bbox 599 3520 703 3595; x_wconf 84' lang='lat' dir='ltr'>miles</span> <span class='ocrx_word' id='word_1_244' title='bbox 726 3517 954 3595; x_wconf 89' lang='lat' dir='ltr'>Mechoacan</span> <span class='ocrx_word' id='word_1_245' title='bbox 978 3517 1198 3616; x_wconf 89' lang='lat' dir='ltr'>provinciam</span> <span class='ocrx_word' id='word_1_246' title='bbox 1223 3520 1377 3620; x_wconf 88' lang='lat' dir='ltr'>reperit:</span> <span class='ocrx_word' id='word_1_247' title='bbox 1406 3523 1553 3622; x_wconf 79' lang='lat' dir='ltr'>aliaeque</span> <span class='ocrx_word' id='word_1_248' title='bbox 1581 3548 1643 3623; x_wconf 93' lang='lat' dir='ltr'>per</span> <span class='ocrx_word' id='word_1_249' title='bbox 1667 3523 1745 3604; x_wconf 87' lang='lat' dir='ltr'>No·</span> 
     </span>
     <span class='ocr_line' id='line_1_32' title="bbox 201 3614 1736 3724; baseline 0 -19"><span class='ocrx_word' id='word_1_250' title='bbox 201 3653 288 3706; x_wconf 89' lang='lat' dir='ltr'>vam</span> <span class='ocrx_word' id='word_1_251' title='bbox 312 3623 527 3722; x_wconf 87' lang='lat' dir='ltr'>Hispaniam</span> <span class='ocrx_word' id='word_1_252' title='bbox 552 3622 712 3719; x_wconf 83' lang='lat' dir='ltr'>regiones</span> <span class='ocrx_word' id='word_1_253' title='bbox 736 3621 807 3696; x_wconf 91' lang='lat' dir='ltr'>hoc</span> <span class='ocrx_word' id='word_1_254' title='bbox 834 3645 933 3697; x_wconf 90' lang='lat' dir='ltr'>anno</span> <span class='ocrx_word' id='word_1_255' title='bbox 957 3642 1103 3718; x_wconf 81' lang='lat' dir='ltr'>repertae</span> <span class='ocrx_word' id='word_1_256' title='bbox 1138 3620 1239 3717; x_wconf 89' lang='lat' dir='ltr'>sunt,</span> <span class='ocrx_word' id='word_1_257' title='bbox 1278 3624 1483 3724; x_wconf 87' lang='lat' dir='ltr'>Nicaragua</span> <span class='ocrx_word' id='word_1_258' title='bbox 1513 3614 1736 3705; x_wconf 83' lang='lat' dir='ltr'>nominatim</span> 
     </span>
     <span class='ocr_line' id='line_1_33' title="bbox 196 3722 1745 3834; baseline 0.001 -29"><span class='ocrx_word' id='word_1_259' title='bbox 196 3756 269 3834; x_wconf 90' lang='lat' dir='ltr'>quo</span> <span class='ocrx_word' id='word_1_260' title='bbox 298 3753 358 3829; x_wconf 88' lang='lat' dir='ltr'>per</span> <span class='ocrx_word' id='word_1_261' title='bbox 383 3724 583 3804; x_wconf 87' lang='lat' dir='ltr'>Darienem</span> <span class='ocrx_word' id='word_1_262' title='bbox 616 3725 726 3826; x_wconf 92' lang='lat' dir='ltr'>paulo</span> <span class='ocrx_word' id='word_1_263' title='bbox 753 3743 836 3801; x_wconf 91' lang='lat' dir='ltr'>ante</span> <span class='ocrx_word' id='word_1_264' title='bbox 863 3722 1030 3824; x_wconf 84' lang='lat' dir='ltr'>ingressus</span> <span class='ocrx_word' id='word_1_265' title='bbox 1054 3723 1223 3823; x_wconf 85' lang='lat' dir='ltr'>AEgidius</span> <span class='ocrx_word' id='word_1_266' title='bbox 1249 3724 1432 3805; x_wconf 85' lang='lat' dir='ltr'>Gonzalez</span> <span class='ocrx_word' id='word_1_267' title='bbox 1468 3726 1604 3806; x_wconf 89' lang='lat' dir='ltr'>Davila</span> <span class='ocrx_word' id='word_1_268' title='bbox 1630 3729 1745 3807; x_wconf 84' lang='lat' dir='ltr'>Nico-</span> 
     </span>
     <span class='ocr_line' id='line_1_34' title="bbox 196 3829 644 3931; baseline -0.016 -21"><span class='ocrx_word' id='word_1_269' title='bbox 196 3850 283 3931; x_wconf 83' lang='lat' dir='ltr'>yam</span> <span class='ocrx_word' id='word_1_270' title='bbox 309 3830 466 3907; x_wconf 87' lang='lat' dir='ltr'>lustravit</span> <span class='ocrx_word' id='word_1_271' title='bbox 493 3829 644 3927; x_wconf 80' lang='lat' dir='ltr'>primus.</span> 
     </span>
    </p>

    <p class='ocr_par' dir='ltr' id='par_1_12' title="bbox 194 3924 1741 4237">
     <span class='ocr_line' id='line_1_35' title="bbox 248 3924 1741 4036; baseline 0 -22"><span class='ocrx_word' id='word_1_272' title='bbox 248 3934 461 4035; x_wconf 84' lang='lat' dir='ltr'>Compamit</span> <span class='ocrx_word' id='word_1_273' title='bbox 495 3932 566 4010; x_wconf 92' lang='lat' dir='ltr'>hoc</span> <span class='ocrx_word' id='word_1_274' title='bbox 603 3956 702 4010; x_wconf 86' lang='lat' dir='ltr'>anno</span> <span class='ocrx_word' id='word_1_275' title='bbox 736 3927 947 4030; x_wconf 80' lang='lat' dir='ltr'>Meliapurae</span> <span class='ocrx_word' id='word_1_276' title='bbox 979 3924 1120 4030; x_wconf 85' lang='lat' dir='ltr'>Corpus</span> <span class='ocrx_word' id='word_1_277' title='bbox 1155 3927 1191 4009; x_wconf 85' lang='lat' dir='ltr'>S.</span> <span class='ocrx_word' id='word_1_278' title='bbox 1216 3929 1371 4010; x_wconf 84' lang='lat' dir='ltr'>Thomae</span> <span class='ocrx_word' id='word_1_279' title='bbox 1408 3929 1604 4030; x_wconf 87' lang='lat' dir='ltr'>Apostoli,</span> <span class='ocrx_word' id='word_1_280' title='bbox 1642 3937 1741 4036; x_wconf 90' lang='lat' dir='ltr'>quod</span> 
     </span>
     <span class='ocr_line' id='line_1_36' title="bbox 194 4031 1739 4138; baseline -0.002 -20"><span class='ocrx_word' id='word_1_281' title='bbox 194 4040 320 4118; x_wconf 91' lang='lat' dir='ltr'>Goam</span> <span class='ocrx_word' id='word_1_282' title='bbox 345 4037 552 4113; x_wconf 84' lang='lat' dir='ltr'>connitente</span> <span class='ocrx_word' id='word_1_283' title='bbox 586 4061 653 4134; x_wconf 90' lang='lat' dir='ltr'>pro</span> <span class='ocrx_word' id='word_1_284' title='bbox 689 4059 770 4133; x_wconf 88' lang='lat' dir='ltr'>rege</span> <span class='ocrx_word' id='word_1_285' title='bbox 806 4033 978 4111; x_wconf 86' lang='lat' dir='ltr'>Eduardo</span> <span class='ocrx_word' id='word_1_286' title='bbox 1015 4031 1188 4113; x_wconf 82' lang='lat' dir='ltr'>Meneffes</span> <span class='ocrx_word' id='word_1_287' title='bbox 1226 4034 1455 4129; x_wconf 80' lang='lat' dir='ltr'>transfertut3</span> <span class='ocrx_word' id='word_1_288' title='bbox 1481 4033 1540 4113; x_wconf 92' lang='lat' dir='ltr'>sed</span> <span class='ocrx_word' id='word_1_289' title='bbox 1566 4038 1739 4138; x_wconf 90' lang='lat' dir='ltr'>oppidum</span> 
     </span>
     <span class='ocr_line' id='line_1_37' title="bbox 197 4134 1741 4237; baseline 0.001 -19"><span class='ocrx_word' id='word_1_290' title='bbox 197 4140 381 4237; x_wconf 88' lang='lat' dir='ltr'>Mellaput</span> <span class='ocrx_word' id='word_1_291' title='bbox 405 4138 638 4213; x_wconf 88' lang='lat' dir='ltr'>nihilominus</span> <span class='ocrx_word' id='word_1_292' title='bbox 659 4135 780 4235; x_wconf 86' lang='lat' dir='ltr'>postea</span> <span class='ocrx_word' id='word_1_293' title='bbox 804 4134 1007 4212; x_wconf 81' lang='lat' dir='ltr'>S.Thomae</span> <span class='ocrx_word' id='word_1_294' title='bbox 1031 4137 1180 4214; x_wconf 88' lang='lat' dir='ltr'>nomine</span> <span class='ocrx_word' id='word_1_295' title='bbox 1205 4137 1459 4219; x_wconf 73' lang='lat' dir='ltr'>reaedificatur.</span> <span class='ocrx_word' id='word_1_296' title='bbox 1488 4138 1502 4170; x_wconf 74' lang='lat'><strong>*</strong></span> <span class='ocrx_word' id='word_1_297' title='bbox 1532 4135 1640 4219; x_wconf 80' lang='lat' dir='ltr'>Forte</span> <span class='ocrx_word' id='word_1_298' title='bbox 1666 4141 1741 4220; x_wconf 84' lang='lat' dir='ltr'>hoc</span> 
     </span>
    </p>
   </div>
   <div class='ocr_carea' id='block_1_7' title="bbox 197 4237 1733 4728">
    <p class='ocr_par' dir='ltr' id='par_1_13' title="bbox 197 4237 1733 4728">
     <span class='ocr_line' id='line_1_38' title="bbox 197 4237 1176 4337; baseline -0.007 -15"><span class='ocrx_word' id='word_1_299' title='bbox 197 4267 296 4322; x_wconf 83' lang='lat' dir='ltr'>anno</span> <span class='ocrx_word' id='word_1_300' title='bbox 322 4241 495 4318; x_wconf 86' lang='lat' dir='ltr'>translata</span> <span class='ocrx_word' id='word_1_301' title='bbox 521 4238 571 4316; x_wconf 84' lang='lat' dir='ltr'>esi</span> <span class='ocrx_word' id='word_1_302' title='bbox 596 4237 774 4315; x_wconf 84' lang='lat' dir='ltr'>sacrarum</span> <span class='ocrx_word' id='word_1_303' title='bbox 799 4239 1008 4315; x_wconf 84' lang='lat' dir='ltr'>exuviarum</span> <span class='ocrx_word' id='word_1_304' title='bbox 1033 4265 1132 4337; x_wconf 86' lang='lat' dir='ltr'>pars.</span> <span class='ocrx_word' id='word_1_305' title='bbox 1162 4241 1176 4272; x_wconf 78' lang='lat'>⁴¹</span> 
     </span>
     <span class='ocr_line' id='line_1_39' title="bbox 615 4360 1240 4545; baseline 0.008 -28"><span class='ocrx_word' id='word_1_306' title='bbox 615 4382 617 4387; x_wconf 23' lang='grc' dir='ltr'>Ι</span> <span class='ocrx_word' id='word_1_307' title='bbox 682 4439 860 4522; x_wconf 86' lang='lat' dir='ltr'>Verazani</span> <span class='ocrx_word' id='word_1_308' title='bbox 883 4360 1079 4544; x_wconf 54' lang='lat' dir='ltr'>bisvigatio</span> <span class='ocrx_word' id='word_1_309' title='bbox 1104 4445 1240 4545; x_wconf 88' lang='lat' dir='ltr'>prima.</span> 
     </span>
     <span class='ocr_line' id='line_1_40' title="bbox 247 4544 1733 4728; baseline -0.003 -100"><span class='ocrx_word' id='word_1_310' title='bbox 247 4549 403 4649; x_wconf 79' lang='lat' dir='ltr'>loannes</span> <span class='ocrx_word' id='word_1_311' title='bbox 428 4544 602 4624; x_wconf 88' lang='lat' dir='ltr'>Verazani</span> <span class='ocrx_word' id='word_1_312' title='bbox 629 4548 745 4646; x_wconf 85' lang='lat' dir='ltr'>patria</span> <span class='ocrx_word' id='word_1_313' title='bbox 771 4546 1016 4728; x_wconf 58' lang='lat' dir='ltr'>Flpptsentinus,</span> <span class='ocrx_word' id='word_1_314' title='bbox 1041 4546 1216 4626; x_wconf 75' lang='lat' dir='ltr'>francisci</span> <span class='ocrx_word' id='word_1_315' title='bbox 1242 4545 1273 4626; x_wconf 88' lang='lat'>1.</span> <span class='ocrx_word' id='word_1_316' title='bbox 1299 4545 1409 4649; x_wconf 85' lang='lat' dir='ltr'>Regis</span> <span class='ocrx_word' id='word_1_317' title='bbox 1426 4549 1634 4629; x_wconf 86' lang='lat' dir='ltr'>Galliarum</span> <span class='ocrx_word' id='word_1_318' title='bbox 1655 4549 1733 4625; x_wconf 88' lang='lat' dir='ltr'>aus-</span> 
     </span>
    </p>
   </div>
   <div class='ocr_carea' id='block_1_8' title="bbox 195 4648 1736 4859">
    <p class='ocr_par' dir='ltr' id='par_1_14' title="bbox 195 4648 1736 4859">
     <span class='ocr_line' id='line_1_41' title="bbox 195 4648 1736 4755; baseline -0.001 -25"><span class='ocrx_word' id='word_1_319' title='bbox 195 4653 297 4755; x_wconf 87' lang='lat' dir='ltr'>piciis</span> <span class='ocrx_word' id='word_1_320' title='bbox 321 4654 477 4754; x_wconf 77' lang='lat' dir='ltr'>prImum</span> <span class='ocrx_word' id='word_1_321' title='bbox 503 4651 550 4727; x_wconf 88' lang='lat' dir='ltr'>ad</span> <span class='ocrx_word' id='word_1_322' title='bbox 573 4648 809 4750; x_wconf 87' lang='lat' dir='ltr'>septentriona</span> <span class='ocrx_word' id='word_1_323' title='bbox 888 4651 1061 4754; x_wconf 67' lang='lat' dir='ltr'>Amerrbp</span> <span class='ocrx_word' id='word_1_324' title='bbox 1094 4654 1216 4753; x_wconf 79' lang='lat' dir='ltr'>plagas</span> <span class='ocrx_word' id='word_1_325' title='bbox 1249 4653 1319 4728; x_wconf 89' lang='lat' dir='ltr'>iter</span> <span class='ocrx_word' id='word_1_326' title='bbox 1356 4655 1577 4753; x_wconf 81' lang='lat' dir='ltr'>aggreditur.</span> <span class='ocrx_word' id='word_1_327' title='bbox 1617 4649 1736 4744; x_wconf 79' lang='lat' dir='ltr'>Hujus</span> 
     </span>
     <span class='ocr_line' id='line_1_42' title="bbox 196 4752 1736 4859; baseline -0.002 -25"><span class='ocrx_word' id='word_1_328' title='bbox 196 4758 334 4836; x_wconf 87' lang='lat' dir='ltr'>itineris</span> <span class='ocrx_word' id='word_1_329' title='bbox 358 4780 446 4859; x_wconf 88' lang='lat' dir='ltr'>pene</span> <span class='ocrx_word' id='word_1_330' title='bbox 470 4752 659 4832; x_wconf 88' lang='lat' dir='ltr'>obliterata</span> <span class='ocrx_word' id='word_1_331' title='bbox 684 4753 735 4832; x_wconf 85' lang='lat' dir='ltr'>est</span> <span class='ocrx_word' id='word_1_332' title='bbox 745 4779 804 4832; x_wconf 91' lang='lat' dir='ltr'>me</span> <span class='ocrx_word' id='word_1_333' title='bbox 831 4756 884 4831; x_wconf 88' lang='lat' dir='ltr'>tio</span> <span class='ocrx_word' id='word_1_334' title='bbox 910 4755 1037 4855; x_wconf 90' lang='lat' dir='ltr'>apudh</span> <span class='ocrx_word' id='word_1_335' title='bbox 1051 4754 1221 4847; x_wconf 77' lang='lat' dir='ltr'>sloricot3</span> <span class='ocrx_word' id='word_1_336' title='bbox 1247 4754 1385 4833; x_wconf 85' lang='lat' dir='ltr'>constat</span> <span class='ocrx_word' id='word_1_337' title='bbox 1412 4758 1473 4831; x_wconf 89' lang='lat' dir='ltr'>illa</span> <span class='ocrx_word' id='word_1_338' title='bbox 1502 4773 1626 4828; x_wconf 88' lang='lat' dir='ltr'>tamen</span> <span class='ocrx_word' id='word_1_339' title='bbox 1649 4752 1736 4847; x_wconf 87' lang='lat' dir='ltr'>ejus·</span> 
     </span>
    </p>
   </div>
   <div class='ocr_carea' id='block_1_9' title="bbox 196 4852 1739 4958">
    <p class='ocr_par' dir='ltr' id='par_1_15' title="bbox 196 4852 1739 4958">
     <span class='ocr_line' id='line_1_43' title="bbox 196 4852 1739 4958; baseline -0.003 -20"><span class='ocrx_word' id='word_1_340' title='bbox 196 4861 281 4938; x_wconf 81' lang='lat' dir='ltr'>dem</span> <span class='ocrx_word' id='word_1_341' title='bbox 305 4858 482 4938; x_wconf 87' lang='lat' dir='ltr'>Verazani</span> <span class='ocrx_word' id='word_1_342' title='bbox 507 4859 553 4935; x_wconf 88' lang='lat' dir='ltr'>ad</span> <span class='ocrx_word' id='word_1_343' title='bbox 577 4856 718 4956; x_wconf 87' lang='lat' dir='ltr'>Regem</span> <span class='ocrx_word' id='word_1_344' title='bbox 740 4853 831 4935; x_wconf 82' lang='lat' dir='ltr'>Chri</span> <span class='ocrx_word' id='word_1_345' title='bbox 864 4858 1014 4935; x_wconf 83' lang='lat' dir='ltr'>ianiisrm</span> <span class='ocrx_word' id='word_1_346' title='bbox 1101 4852 1232 4958; x_wconf 76' lang='lat' dir='ltr'>Deppa</span> <span class='ocrx_word' id='word_1_347' title='bbox 1258 4857 1352 4936; x_wconf 81' lang='lat' dir='ltr'>datis</span> <span class='ocrx_word' id='word_1_348' title='bbox 1375 4855 1504 4933; x_wconf 83' lang='lat' dir='ltr'>litteris</span> <span class='ocrx_word' id='word_1_349' title='bbox 1529 4856 1652 4932; x_wconf 75' lang='lat' dir='ltr'>odiava</span> <span class='ocrx_word' id='word_1_350' title='bbox 1673 4855 1739 4955; x_wconf 88' lang='lat' dir='ltr'>Ju-</span> 
     </span>
    </p>
   </div>
   <div class='ocr_carea' id='block_1_10' title="bbox 72 4956 1736 5064">
    <p class='ocr_par' dir='ltr' id='par_1_16' title="bbox 72 4956 1736 5064">
     <span class='ocr_line' id='line_1_44' title="bbox 72 4956 1736 5064; baseline 0 -27"><span class='ocrx_word' id='word_1_351' title='bbox 72 4969 78 4977; x_wconf 81' lang='grc'><em>’</em></span> <span class='ocrx_word' id='word_1_352' title='bbox 197 4960 262 5058; x_wconf 89' lang='lat' dir='ltr'>lii,</span> <span class='ocrx_word' id='word_1_353' title='bbox 287 4962 410 5064; x_wconf 90' lang='lat' dir='ltr'>quibus</span> <span class='ocrx_word' id='word_1_354' title='bbox 435 4964 486 5041; x_wconf 90' lang='lat' dir='ltr'>ait</span> <span class='ocrx_word' id='word_1_355' title='bbox 512 4957 717 5040; x_wconf 87' lang='lat' dir='ltr'>existimare</span> <span class='ocrx_word' id='word_1_356' title='bbox 741 4960 862 5056; x_wconf 86' lang='lat' dir='ltr'>se,R</span> <span class='ocrx_word' id='word_1_357' title='bbox 907 4985 966 5039; x_wconf 89' lang='lat' dir='ltr'>ern</span> <span class='ocrx_word' id='word_1_358' title='bbox 1035 4957 1174 5054; x_wconf 82' lang='lat' dir='ltr'>tisiam</span> <span class='ocrx_word' id='word_1_359' title='bbox 1196 4956 1401 5040; x_wconf 83' lang='lat' dir='ltr'>intellexisse</span> <span class='ocrx_word' id='word_1_360' title='bbox 1427 4960 1472 5038; x_wconf 91' lang='lat' dir='ltr'>de</span> <span class='ocrx_word' id='word_1_361' title='bbox 1497 4960 1604 5060; x_wconf 91' lang='lat' dir='ltr'>primi</span> <span class='ocrx_word' id='word_1_362' title='bbox 1632 4960 1736 5036; x_wconf 89' lang='lat' dir='ltr'>itine-</span> 
     </span>
    </p>
   </div>
   <div class='ocr_carea' id='block_1_11' title="bbox 57 5252 186 5328">
    <p class='ocr_par' dir='ltr' id='par_1_17' title="bbox 57 5252 186 5328">
     <span class='ocr_line' id='line_1_45' title="bbox 57 5252 186 5328; baseline 0 0"><span class='ocrx_word' id='word_1_363' title='bbox 57 5252 186 5328; x_wconf 65' lang='grc' dir='ltr'>Λ</span> 
     </span>
    </p>
   </div>
   <div class='ocr_carea' id='block_1_12' title="bbox 199 5058 1733 5240">
    <p class='ocr_par' dir='ltr' id='par_1_18' title="bbox 199 5058 1733 5240">
     <span class='ocr_line' id='line_1_46' title="bbox 199 5058 1733 5175; baseline -0.001 -34"><span class='ocrx_word' id='word_1_364' title='bbox 199 5065 246 5141; x_wconf 86' lang='lat' dir='ltr'>ris</span> <span class='ocrx_word' id='word_1_365' title='bbox 272 5068 449 5166; x_wconf 87' lang='lat' dir='ltr'>periculo.</span> <span class='ocrx_word' id='word_1_366' title='bbox 476 5065 660 5149; x_wconf 85' lang='lat' dir='ltr'>Incertum</span> <span class='ocrx_word' id='word_1_367' title='bbox 694 5061 747 5146; x_wconf 82' lang='lat' dir='ltr'>est</span> <span class='ocrx_word' id='word_1_368' title='bbox 781 5062 926 5158; x_wconf 82' lang='lat' dir='ltr'>huiusce</span> <span class='ocrx_word' id='word_1_369' title='bbox 959 5067 1200 5175; x_wconf 75' lang='lat' dir='ltr'>navigationis</span> <span class='ocrx_word' id='word_1_370' title='bbox 1235 5061 1445 5160; x_wconf 80' lang='lat' dir='ltr'>eonsilium,</span> <span class='ocrx_word' id='word_1_371' title='bbox 1472 5082 1561 5143; x_wconf 87' lang='lat' dir='ltr'>num</span> <span class='ocrx_word' id='word_1_372' title='bbox 1598 5058 1733 5140; x_wconf 85' lang='lat' dir='ltr'>scilicet</span> 
     </span>
     <span class='ocr_line' id='line_1_47' title="bbox 1451 5186 1677 5240; baseline -0.004 -27"><span class='ocrx_word' id='word_1_373' title='bbox 1451 5206 1455 5213; x_wconf 88' lang='lat'>.</span> <span class='ocrx_word' id='word_1_374' title='bbox 1588 5186 1677 5240; x_wconf 62' lang='lat' dir='ltr'>m,</span> 
     </span>
    </p>
   </div>
   <div class='ocr_carea' id='block_1_13' title="bbox 0 0 1936 5686">
    <p class='ocr_par' dir='ltr' id='par_1_19' title="bbox 0 0 1936 5686">
     <span class='ocr_line' id='line_1_48' title="bbox 0 0 1936 5686; baseline 0 0"><span class='ocrx_word' id='word_1_375' title='bbox 0 0 1936 5686; x_wconf 95' lang='lat' dir='ltr'> </span> 
     </span>
    </p>
   </div>
  </div>
 </body>
</html>
