3864 5686
257 281 330 422 r5o
688 307 1270 390 Ouuruarrount

203 483 251 542 ta
274 456 406 547 decisio
432 451 524 554 apud
548 450 581 552 J.
607 449 649 532 B.
675 447 813 529 Pittoni
838 449 901 529 sub
925 451 984 526 die
1010 471 1069 546 27.
1094 449 1203 549 Jann.
1232 459 1343 556 1677.
1370 455 1449 547 (a).
1474 451 1574 532 Tum
1597 453 1740 552 etiam,

203 566 288 668 quia
311 560 477 642 Urbanus
502 558 539 633 id
562 558 744 634 declarans
770 555 869 630 aliud
892 554 966 652 egit
990 579 1101 652 quam
1137 555 1405 635 revocationem
1430 560 1538 656 paulo
1574 577 1661 638 ante
1686 558 1742 639 sa·

202 670 295 745 uam
321 676 504 742 revocare:
530 658 722 737 revocasset
747 655 946 750 autemssr
970 658 1154 756 privilegia
1164 681 1332 739 revocata
1343 661 1508 755 omnibus
1532 685 1617 751 cum
1638 658 1742 765 cap,

203 769 362 870 puccinis
386 763 729 843 communicantibus
754 758 974 853 restituisset,
1001 785 1085 839 cum
1110 785 1234 838 omnes
1258 759 1332 839 ferd
1357 766 1669 843 communicent.-

217 910 220 915 Α
306 870 394 949 Non
419 867 533 946 obstat
559 867 727 957 tertium,
752 865 837 963 quia
873 860 1025 940 facultas
1050 862 1209 963 quassata
1242 864 1548 961 revalidandi‚st
1580 892 1659 944 nott
1683 864 1740 946 est

202 974 248 1053 dc
272 975 444 1050 revocatis
470 998 491 1046 a
517 970 695 1069 Gregorio
720 965 827 1045 x111.
865 966 952 1041 dum
988 967 1103 1064 plures
1136 965 1193 1043 Pii
1219 968 1264 1042 V.
1291 967 1564 1049 constitutiones
1594 970 1739 1051 reduxit

202 1078 250 1155 a‘d
277 1077 448 1152 terminos
472 1073 580 1165 juris,
603 1073 775 1170 derogata
800 1067 898 1144 certd
931 1065 983 1144 est
1012 1068 1063 1145 ab
1087 1063 1239 1148 Urbano
1266 1070 1396 1166 VIII,
1433 1073 1521 1148 dum
1552 1072 1671 1153 voluit
1693 1089 1737 1153 ul

203 1178 591 1277 nihil-praeedentium
615 1172 766 1252 obstaret
791 1174 942 1248 decretae
964 1173 1211 1249 revocationi.
1235 1172 1407 1274 Idemque
1429 1175 1562 1252 diuum
1586 1173 1663 1252 esto
1684 1174 1740 1272 dc

203 1279 478 1358 conceffionibus
504 1276 669 1376 Gregorii
698 1272 822 1373 ipsius,
848 1278 884 1352 dt
908 1270 1011 1348 Pauli
1035 1274 1081 1348 V.
1107 1272 1393 1373 praedecessorum
1418 1275 1576 1357 Urbani.

306 1382 392 1458 Non
415 1379 528 1456 obstat
553 1399 747 1478 quartum
769 1378 854 1476 quia
878 1377 1061 1474 privilegia
1096 1380 1312 1476 regularium
1349 1404 1424 1455 non
1461 1378 1543 1456 sunt
1570 1401 1740 1470 remune-

201 1486 337 1565 ratotia
364 1509 407 1558 cx
431 1482 586 1575 justitia;
613 1481 658 1556 ad
682 1479 780 1579 quod
804 1503 880 1559 non
904 1474 1032 1555 sufficit
1057 1481 1154 1577 quod
1179 1481 1219 1559 iu
1242 1477 1363 1557 sronte
1390 1483 1450 1557 vel
1476 1482 1623 1560 exordio
1639 1480 1747 1561 Con·

203 1584 429 1677 stitutionutn
452 1587 581 1660 metita
605 1583 773 1657 ordinum
808 1579 1082 1656 recenseantur:
1119 1579 1167 1658 fic
1205 1584 1302 1673 enim
1327 1585 1386 1659 aix
1410 1584 1478 1662 crit
1513 1585 1746 1685 privilegium

201 1689 378 1788 &gratia
404 1713 479 1768 uon
504 1687 623 1762 debita
649 1708 692 1760 ex
718 1681 880 1773 iustitia.
917 1681 1009 1760 Sunt
1044 1707 1132 1783 crgo
1158 1684 1205 1759 ad
1229 1684 1409 1761 summum
1445 1687 1742 1765 remuneratoria

200 1791 489 1973 :Jdldllf
510 1782 1745 1988 areldi.‘dessetnlnllatdllltlmdltllbf

200 1998 416 2076 detrimenta
440 1991 645 2069 neceffitas.
671 1989 719 2068 Et
744 2013 811 2089 pro
847 1987 1136 2087 compensatione
1172 2011 1248 2069 turn
1273 1996 1521 2086 meritorum,
1555 2013 1635 2069 tum
1659 2017 1746 2091 gra-

202 2099 335 2173 tiarum
360 2117 606 2171 revocatorum
630 2092 830 2191 computati
856 2088 994 2190 possunt
1034 2094 1106 2169 alia
1132 2093 1312 2193 privilegia
1351 2120 1426 2194 quac
1452 2119 1536 2170 cum
1574 2095 1741 2176 revocari

202 2196 364 2300 pollent2
387 2201 426 2273 in
451 2200 485 2273 vi
510 2196 571 2274 sua
599 2198 866 2292 relinquuntur,
893 2199 929 2271 dr
952 2218 1029 2291 qua
1053 2194 1174 2271 denuit
1200 2197 1441 2274 conceduntur
1467 2200 1506 2274 in
1536 2198 1633 2273 dice.

215 2334 218 2339 ⁴
303 2301 392 2377 Non
414 2298 526 2374 obstat
552 2301 747 2398 quintum
764 2320 856 2371 uam
878 2294 999 2371 census
1024 2297 1086 2373 ille
1108 2294 1205 2374 sortd
1228 2300 1393 2397 penditur
1417 2324 1487 2399 pro>
1506 2299 1581 2391 iure
1613 2297 1738 2397 aliquo

78 2488 84 2500 .
200 2403 409 2500 temporali,
435 2404 578 2499 dequo
602 2424 677 2474 non
702 2397 752 2474 est
776 2395 911 2474 senno.
937 2397 975 2474 st
999 2399 1084 2497 quid
1109 2398 1194 2475 verb
1219 2423 1386 2500 erogatur
1411 2427 1481 2500 pro
1499 2401 1744 2500 spiritualium

198 2501 495 2595 confirmatione,
520 2501 581 2578 fiet
630 2527 672 2577 ro
696 2496 1143 2593 cottfitrnationebullat22
1163 2499 1224 2577 seu
1247 2528 1316 2602 pro
1345 2501 1514 2602 scriptura
1540 2500 1741 2581 confirma·

199 2606 337 2700 tionis,
357 2609 413 2683 uel
440 2631 503 2704 pro
527 2529 825 2685 consrmatione.
859 2623 922 2678 aut
958 2605 1210 2699 prorogatione
1236 2604 1288 2681 ad
1317 2609 1594 2696 revocationem*
1620 2601 1733 2704 postc-

197 2709 312 2788 riore.
338 2702 504 2804 Qualitas
530 2705 614 2780 verb
640 2702 935 2799 compensationis
960 2703 1185 2799 hujusmodi,
1212 2704 1347 2782 savera
1373 2705 1444 2802 est,
1469 2733 1552 2785 cum
1577 2705 1622 2784 fit
1656 2706 1734 2806 spe·

200 2811 300 2887 cialis
325 2834 389 2907 pro
414 2804 685 2900 Casmensrbus,
711 2806 789 2882 aliis
813 2801 970 2905 prodesse
995 2810 1117 2904 nequit
1141 2808 1240 2899 juxta
1266 2809 1358 2885 dista
1386 2811 1435 2886 ad
1455 2810 1580 2901 object.
1604 2832 1640 2884 2.

303 2911 390 2990 Non
414 2908 530 2987 obstat
554 2907 727 3001 sextum,
760 2932 849 2983 nam
883 2905 1130 2986 constitutioni
1165 2907 1367 2985 Clcmcnnu
1388 2917 1424 2991 dc
1459 2912 1535 2990 aliis
1559 2908 1741 3001 ejusmodi·

197 3014 318 3114 quoad
344 3012 525 3111 privilegia
561 3013 599 3087 in
633 3007 821 3111 quaestione
846 3009 1027 3107 derogavit
1061 3008 1225 3089 Urbanus
1250 3011 1357 3089 VIII.
1396 3015 1550 3112 peribu
1580 3010 1690 3087 verba
1717 3064 1736 3101 ,

197 3119 273 3194 Non
299 3113 491 3203 obstantibus
516 3111 826 3190 constitutionibus
849 3116 886 3191 dc
921 3111 1202 3189 ordinationibus
1240 3114 1505 3211 apostolicis...
1542 3113 1736 3213 privilegiis

41 3240 44 3244 “
196 3243 336 3320 quoque
371 3217 433 3294 sub
465 3213 737 3316 quibuscumque
772 3214 962 3292 verborum
991 3212 1115 3292 formis
1150 3216 1190 3290 in
1222 3218 1443 3293 contrarium
1480 3213 1738 3318 premissorum

196 3319 396 3412 concessis,
419 3317 668 3409 confirmatis,
693 3322 730 3393 δι
754 3318 946 3391 innovatis.

210 3456 214 3465 ·
276 3423 359 3500 ‘nd
384 3439 586 3495 extremum
606 3416 751 3492 observa
774 3471 790 3509 „
811 3415 997 3494 Urbanum
1031 3419 1185 3494 eundem
1210 3417 1482 3496 Constitutione
1514 3420 1601 3498 duta
1636 3441 1740 3496 annu

198 3531 309 3620 1635.
335 3518 518 3596 restituisse
544 3521 631 3596 rivae
656 3520 758 3592 vocis
777 3522 947 3612 oracula,
971 3520 1016 3596 de
1040 3521 1164 3620 quibus
1189 3518 1365 3601 Officialis
1392 3524 1517 3622 aliquis
1551 3520 1738 3622 Apostoli·

193 3646 255 3700 cus
281 3618 508 3722 prohibuisset
532 3618 795 3697 testimonium.
822 3619 860 3698 si
888 3645 973 3697 vero
999 3622 1241 3699 testimonium
1267 3623 1339 3701 hoc
1364 3625 1468 3702 debet
1502 3621 1570 3704 esse
1606 3622 1737 3719 office}

194 3727 279 3802 liram
299 3722 361 3823 suc
383 3721 607 3812 ministrorum
630 3725 667 3798 in
690 3720 784 3799 rebus
808 3723 853 3796 ad
876 3721 1020 3822 ipsorum
1044 3727 1185 3816 officium
1218 3726 1480 3825 pertinendo,
1515 3747 1558 3808 ut
1593 3748 1639 3807 ex
1664 3721 1739 3806 Ur·

194 3828 278 3906 bani
302 3824 625 3908 Constitutionibus
647 3825 786 3924 colligit
811 3823 1020 3903 Benediblus
1042 3827 1145 3906 XIV.
1170 3825 1273 3926 supra
1302 3830 1490 3923 laudatus,
1513 3853 1603 3906 ‚uon
1634 3822 1734 3912 sust*

191 3928 245 4007 cit
270 3932 317 4007 ad
341 3932 568 4008 oraculorum
593 3929 753 4006 valorem
778 3927 1019 4005 testimonium
1043 3928 1294 4007 Cardinalium
1316 3933 1513 4031 quamlibet
1549 3929 1652 4030 apid·
1678 3929 1738 4012 A·

193 4031 410 4134 postolicum,
431 4031 693 4110 offici'alitatem
728 4030 971 4109 habentium.
1003 4028 1108 4111 Unde
1143 4032 1206 4117 ad¹
1226 4034 1431 4135 apocrypha
1458 4033 1700 4132 relegandum.
1711 4064 1738 4128 ·‚

196 4137 366 4236 quidquid
390 4136 488 4209 dicat
512 4132 665 4210 Loffa'da
691 4134 784 4226 (b),
808 4135 1031 4234 priuilegium
1065 4162 1137 4238 quo
1172 4134 1255 4211 Pius
1280 4137 1346 4212 IV.
1373 4135 1542 4212 concessit
1577 4133 1736 4215 seculu-

194 4253 272 4313 tem
307 4235 507 4312 absolvendi
543 4260 565 4311 a
600 4235 782 4318 reservatis
816 4237 931 4314 etiam
954 4239 993 4312 in
1026 4235 1130 4315 Bulla
1154 4237 1278 4314 Quae
1291 4295 1310 4332 ,
1327 4237 1547 4339 dispensandi
1581 4240 1622 4319 iu
1646 4233 1736 4316 foto

194 4335 418 4417 conscientia
443 4337 482 4412 in
506 4337 798 4436 irregularitate,
833 4343 872 4416 dt
904 4337 1125 4440 dispensandi
1151 4343 1281 4443 pariter
1318 4346 1357 4421 in
1391 4343 1506 4418 tertio
1531 4345 1568 4419 dt
1598 4358 1741 4439 quarto

194 4441 307 4544 'gradu
332 4465 397 4539 pro
421 4441 662 4515 matrimonio
682 4439 952 4535 contrahendo,
974 4444 1132 4541 quamvis
1157 4442 1368 4520 Cardinales
1403 4443 1673 4524 Alexandrina
1690 4445 1739 4524 dt

192 4545 331 4628 Sandae
356 4541 550 4620 emersu
584 4543 802 4620 conceffionc
830 4542 945 4620 testati
981 4543 1072 4637 lint,
1098 4543 1124 4621 fi
1149 4541 1301 4620 firmitas
1334 4546 1475 4623 allundc
1500 4570 1577 4621 non
1611 4567 1738 4620 accre-

192 4645 268 4722 scat
293 4670 402 4745 quam
426 4642 470 4720 ex
494 4665 540 4720 eo
562 4646 660 4742 quod
684 4647 863 4744 pradiuos
887 4643 1096 4723 Cardinales
1123 4646 1285 4723 adbibere
1321 4650 1368 4724 ad
1395 4647 1649 4725 *testimonum
1676 4642 1737 4731 Ie·

191 4748 415 4828 rendumde
440 4746 684 4842 concessione,
709 4746 853 4847 perinde
879 4743 949 4823 fuit
975 4769 1081 4848 atquc
1106 4746 1134 4824 li
1158 4748 1334 4828 officiales·
1353 4749 1681 4928 iullituerentuqu}c

233 5099 292 5170 (a)
312 5098 524 5171 marinoni,
544 5096 653 5164 CM
662 5055 836 5172 Mdlarssa·
846 5094 933 5172 μιν.
1011 5099 1071 5174 (b)
1090 5103 1227 5181 Loffeda,
1247 5101 1595 5166 adtendendum
