3864 5686
386 334 955 416 ‚dromonem
1012 356 1123 431 1700.
1177 341 1289 432 1766.
1500 335 1575 432 589

189 467 281 557 Sunt
307 476 437 576 oppida
465 480 564 577 plura
594 475 782 574 praesertim
810 479 846 549 in
874 478 1059 568 America,
1088 482 1123 552 dt
1151 479 1186 550 in
1213 503 1275 551 ora
1305 476 1458 552 Brasrliae
1485 481 1521 550 in
1551 501 1621 574 qua

87 583 136 658 est
162 582 468 671 Perrtambuctim,
495 606 559 677 pro
584 604 656 676 quo
681 580 766 653 data
793 578 842 652 est
870 577 1013 674 prael'ens
1038 569 1247 675 responsio,
1272 582 1424 663 eiusdem
1463 580 1621 653 vocatio·

88 687 202 763 nis&
229 688 345 774 tituli,
371 708 443 781 quo
470 680 641 779 insignitas
667 679 745 756 sunt
772 682 991 754 cathedrales
1015 704 1141 756 eorum
1167 681 1347 772 ecclesia,
1375 703 1415 756 ut
1450 681 1622 779 oppidum

87 789 125 864 8.
153 788 279 861 Mariae
304 790 340 860 de
367 787 480 876 Belen,
506 783 624 857 Sancti
649 780 824 856 Ludovici
851 783 908 854 del
937 782 1141 874 blaration,
1167 783 1266 859 Santi
1294 784 1488 859 Salvatoris
1524 783 1622 856 dela

87 892 198 968 Bahia
223 890 259 964 de
287 889 376 962 rodet
402 889 451 959 los
476 891 619 975 Samos,
656 884 693 958 S.
732 882 924 957 Sebastiani
950 884 1003 957 del
1023 887 1088 960 Rio
1115 890 1275 978 Jamiro,
1312 887 1434 961 Sandi
1459 883 1558 959 Pauli
1586 885 1624 956 ile

90 991 326 1091 Piratim‘nga3
354 991 392 1063 in
418 990 584 1063 America
623 983 845 1082 Hispanienfi
870 985 950 1060 sunt
989 988 1117 1083 oppida
1144 988 1262 1063 Sandi
1302 988 1490 1064 Dominici
1529 987 1624 1060 dela

89 1092 275 1192 apamia,
299 1092 336 1167 8.
363 1088 510 1184 Joannis
535 1090 572 1162 de
597 1096 716 1161 Pnerto
742 1088 843 1178 Rite,
870 1088 983 1162 Santa
1012 1088 1182 1181 Martha,
1219 1091 1254 1165 S.
1282 1088 1404 1185 Jacobi
1444 1091 1480 1161 de
1506 1089 1625 1163 Gnati-

90 1199 206 1288 mala,
232 1196 268 1268 de
293 1196 467 1282 (ardeas,
494 1191 530 1264 de
557 1193 670 1280 t'hi'le,
697 1190 748 1262 del
773 1190 904 1277 Essero:
925 1193 981 1290 ‚ita
1007 1213 1047 1265 ut
1075 1192 1110 1264 in
1138 1193 1281 1290 publicis
1307 1193 1434 1267 tabulis
1460 1217 1524 1290 pto
1562 1214 1625 1267 no·

90 1299 187 1374 mine
215 1298 360 1394 proprio
397 1295 547 1368 civitatis
583 1293 794 1367 Sandorum
831 1290 1014 1391 respedivb
1050 1318 1182 1368 nomen
1208 1295 1437 1369 adhibeatur.
1475 1293 1534 1368 De
1570 1292 1626 1366 his

92 1399 217 1475 reditis
243 1401 289 1474 ad
315 1400 474 1471 litteram
502 1395 711 1471 intellexeris
736 1395 1040 1486 declarationem,
1067 1420 1136 1492 qua
1164 1399 1250 1470 ritus
1278 1400 1399 1488 primae
1418 1394 1625 1469 claisiscum

91 1504 215 1578 oetava
242 1525 305 1597 pro
333 1522 409 1572 tota
436 1496 572 1573 dioecesi
600 1493 848 1592 ptaescribitur3
874 1499 1160 1594 quandoquidem
1190 1500 1233 1571 ibi
1262 1498 1432 1574 Titularis
1460 1498 1555 1570 idem
1582 1493 1625 1569 si·

93 1605 171 1681 mul
195 1600 245 1677 est
270 1603 480 1690 civitatum,
507 1605 542 1675 dt
568 1623 690 1671 earum
717 1598 897 1697 respelliv'e
917 1599 1164 1673 ecclesiarum.

199 1704 276 1780 Nec
302 1705 339 1777 in
364 1704 520 1799 genuino
546 1703 615 1774 hoc
642 1697 739 1774 sensu
765 1725 852 1798 opus
876 1700 924 1773 est
950 1703 1126 1796 particulae
1153 1702 1274 1798 qnando
1308 1701 1491 1777 extrahere
1528 1697 1627 1794 signi-

91 1805 299 1883 ficationem
326 1808 346 1878 a
372 1803 608 1877 conditionali
635 1803 680 1875 ad
706 1803 903 1878 causalem.
931 1802 1038 1877 Hanc
1075 1801 1389 1900 significationem,
1426 1804 1501 1876 imo
1531 1803 1625 1875 hanc

95 1933 221 1984 vocem
247 1904 371 1981 srustra
397 1903 567 2003 quesieris
594 1905 630 1977 in
667 1904 777 1979 citata
813 1905 996 1979 Ciceronis
1021 1904 1198 2003 epistola.
1235 1905 1350 1980 Obvia
1385 1906 1527 2002 quidem
1565 1903 1627 1976 illa

94 2010 174 2101 est,
214 2032 290 2087 tum
327 2009 365 2081 in
403 2007 554 2103 Virgilio
589 2005 731 2112 Quando
765 2009 830 2080 baec
868 2023 900 2079 te
933 2035 1013 2083 eura
1048 2010 1245 2099 remordet3
1286 2032 1363 2082 tum
1391 2013 1427 2082 in
1454 2005 1629 2081 Terentio

94 2109 382 2307 Quandqgiscia
401 2107 514 2204 sam,
552 2109 681 2202 culpam
716 2105 817 2181 time
840 2108 897 2200 effe
918 2113 1052 2207 procul,
1088 2108 1146 2185 sed
1173 2112 1217 2185 ad
1244 2108 1388 2209 praesens
1414 2111 1531 2183 minus
1568 2130 1629 2180 ne-

97 2213 215 2290 cessari
253 2266 262 2284 .

198 2314 300 2387 Adde
324 2312 421 2411 quod
448 2314 475 2391 is
510 2309 576 2387 esse
606 2309 718 2409 potest
743 2315 897 2389 civitatis
933 2318 969 2391 dt
993 2314 1144 2389 ecclestae
1169 2314 1344 2391 Titularis
1366 2367 1377 2406 ,
1403 2331 1444 2388 ut
1478 2328 1630 2410 nequeat

94 2415 162 2491 else
189 2436 381 2513 patronus,
409 2438 475 2487 nec
500 2415 653 2488 civitatis
679 2437 744 2488 nec
769 2412 944 2505 ecclesiae,
973 2414 1133 2491 insensu
1163 2419 1258 2491 vocis
1282 2416 1386 2504 hujus
1411 2414 1630 2510 obvio,quae

96 2516 270 2614 significat
297 2518 533 2589 mediatorem
559 2521 593 2591 dc
619 2512 798 2590 fautorem
825 2517 973 2604 alicujus
1001 2521 1091 2613 apud
1119 2520 1261 2594 alium.
1298 2514 1408 2612 Qtod
1434 2518 1520 2588 dum
1547 2538 1631 2588 con·

96 2621 225 2716 tingit,
254 2643 327 2691 non
353 2615 400 2690 esi
426 2641 488 2690 cur
527 2617 687 2714 ampliari
723 2642 799 2690 non
836 2614 959 2692 debeat
995 2621 1082 2693 ritus
1118 2621 1164 2695 ad
1198 2621 1396 2695 universam
1430 2613 1631 2713 dioecesim,

96 2720 289 2797 secundum
317 2718 521 2815 praesentem
547 2719 849 2793 declarationem.
883 2719 1067 2815 Oppidum
1093 2723 1130 2794 de
1155 2728 1277 2797 Buems
1304 2722 1393 2793 aires
1428 2718 1633 2794 Titularem

94 2823 201 2899 habet
227 2822 290 2897 88.
316 2822 568 2909 Trinitatem,
606 2821 627 2894 a
652 2847 720 2918 qua
747 2823 784 2895 iti
822 2821 966 2917 publicis
995 2824 1089 2898 Attis
1121 2824 1374 2899 denominatur
1399 2819 1535 2896 Civitas
1569 2817 1632 2895 88.

98 2925 292 3000 Trinitatis
327 2925 365 2996 de
403 2929 523 2998 Bitenas
549 2923 675 2996 aiter.
714 2928 763 2999 At
795 2923 855 2997 88.
881 2925 1053 3011 :Trinitas
1090 2950 1156 3001 nec
1193 2927 1345 3000 civitatis
1381 2948 1447 2998 nec
1482 2918 1634 2997 ecclesiae

96 3029 201 3100 ullius
237 3022 303 3100 csse
340 3025 451 3123 potest
487 3024 643 3098 Patrona
683 3027 718 3099 in
755 3024 850 3099 dieto
874 3026 981 3100 obvio
1017 3026 1138 3118 sensu,
1173 3029 1334 3123 quamvis
1358 3025 1425 3098 else
1458 3022 1558 3121 possit
1596 3026 1633 3098 in

56 3172 60 3182 .
98 3131 205 3217 alio,
242 3130 301 3226 qui
338 3129 590 3222 protestionem
626 3148 798 3200 connotat
834 3128 931 3214 juxta
956 3130 1043 3202 illud
1076 3130 1248 3202 Proteslor
1270 3127 1370 3215 mlier
1394 3126 1497 3224 aspice
1522 3133 1634 3200 Dent.

99 3232 133 3303 A
163 3230 297 3302 clericis
335 3249 456 3302 autem
493 3253 553 3325 per
590 3247 707 3301 totam
733 3227 912 3302 dioecesim
950 3226 1077 3303 sellum
1112 3228 1174 3304 88.
1214 3229 1404 3304 Trinitatis
1439 3229 1636 3302 celebratur

100 3333 255 3406 ibicum
284 3334 443 3406 oslava:
482 3337 516 3405 di
542 3329 632 3401 rede
657 3331 799 3426 quidem
820 3353 862 3402 ex
890 3332 1048 3404 terminis
1075 3329 1249 3425 praesentis
1273 3331 1530 3408 ordinationis.
1555 3329 1635 3405 Sal·
1697 3365 1702 3384 =

101 3455 173 3508 tem
199 3459 297 3508 anno
327 3440 434 3526 1760.
461 3433 630 3507 clericum
658 3432 810 3505 vidimus
834 3433 977 3506 dodum
1004 3438 1039 3509 ὃ(
1064 3434 1278 3526 ἀοὲὶοτειῃ,
1306 3436 1542 3530 telluremque
1578 3427 1635 3505 so-

98 3561 214 3610 raneae
251 3537 427 3632 parochia
464 3535 500 3609 de
533 3537 654 3610 Laxata
680 3533 717 3608 id
743 3533 827 3606 ritus
862 3555 1060 3633 agentem:
1097 3536 1192 3636 quod
1218 3537 1355 3612 videtur
1380 3532 1447 3611 else
1472 3534 1550 3609 aliis
1575 3555 1638 3633 pet

101 3637 277 3713 dioecesim
304 3662 517 3714 commune.

204 3740 406 3839 Bregione
432 3737 561 3815 salsum
598 3737 681 3830 est,
721 3738 918 3814 universam
953 3739 1131 3816 dioecesim
1171 3741 1282 3817 teneri
1309 3740 1353 3817 ad
1389 3740 1639 3821 celebrandum

99 3841 162 3917 sub
188 3844 259 3919 ritu
285 3843 415 3939 duplici
445 3844 565 3938 primae
591 3840 703 3915 classis
730 3867 812 3915 cum
839 3844 963 3916 oslava
989 3840 1115 3916 sellum
1142 3843 1259 3917 Sandi
1285 3845 1344 3938 qni
1372 3839 1476 3915 simul
1503 3841 1545 3917 sit
1570 3839 1639 3917 Pa-

99 3967 225 4021 tronus
250 3951 286 4020 &
312 3941 477 4020 Ecclesiae
502 3951 538 4021 dt
562 3942 754 4017 Civitatis.
782 3943 989 4035 Faventia,
1028 3946 1158 4017 colitur
1191 3942 1367 4017 Patronus
1400 3944 1641 4040 principalis,

58 4087 78 4107 π
99 4071 176 4120 non
202 4045 315 4121 modi)
341 4043 505 4121 Ecclesia
531 4043 782 4135 Cathedralis,
810 4042 867 4118 sed
892 4045 1062 4120 Civitatis
1085 4045 1123 4119 8.
1149 4044 1323 4137 Sabinus,
1349 4047 1489 4143 dequo
1516 4067 1640 4121 tamen

98 4153 226 4225 otiava
251 4173 325 4222 non
349 4145 391 4222 fit
420 4171 479 4244 per
507 4166 625 4222 totam
662 4143 869 4222 dioecesim.
909 4147 954 4222 Id
989 4147 1083 4221 certe
1144 4149 1310 4223 uotannis
1343 4144 1572 4244 prescribitur
1602 4148 1641 4222 in

100 4251 307 4329 Direstorio
334 4250 379 4324 ad
407 4250 509 4325 usum
535 4249 777 4325 consultissimi
815 4249 947 4343 Cleri,
986 4273 1029 4324 ex
1057 4250 1093 4322 ill
1150 4248 1308 4328 rarissimi
1347 4247 1525 4326 Antistitis
1554 4247 1643 4342 jussu

80 4354 240 4451 'vulgari
267 4351 398 4427 solito:
424 4375 460 4448 7.
488 4351 705 4442 (Decembr.
737 4360 873 4448 1773.)
897 4358 932 4424 S.
960 4350 1077 4424 Sabini
1102 4357 1163 4448 Ep..
1189 4347 1229 4431 b
1253 4357 1307 4425 M.
1334 4359 1432 4428 Patr.
1444 4353 1554 4427 Ptine.
1566 4353 1640 4451 dap.

106 4479 139 4530 1.
166 4458 251 4528 cl...
280 4455 357 4529 Oet.
394 4461 429 4526 S.
457 4454 573 4527 Sabini
609 4462 701 4527 Prot.
725 4457 829 4551 princ.
857 4455 955 4552 hujus
979 4455 1060 4528 ci‘v.
1091 4459 1141 4542 fit
1179 4471 1358 4528 tantuma
1385 4458 1479 4528 (lero
1509 4453 1581 4548 sac.
1608 4457 1646 4530 in

104 4561 234 4632 (iv...
272 4558 459 4632 Omittitur
496 4553 616 4644 (insta
644 4559 837 4643 oetavam)
874 4557 1141 4629 commemoratio
1173 4563 1210 4629 S.
1245 4555 1360 4627 Sabini
1393 4574 1495 4631 extra
1535 4557 1671 4633 siv..¹

94 4664 201 4757 fitque
225 4677 418 4759 perentam
444 4661 628 4773 oslavpm.
656 4658 703 4734 Et
731 4660 767 4731 in
793 4656 915 4732 otlicio
941 4659 1144 4733 recitatur:
1179 4659 1364 4730 faventini
1388 4662 1479 4730 cives
1514 4660 1645 4752 glorio·

102 4765 179 4838 sum
206 4762 408 4858 Martyrem
435 4762 659 4860 postmodum
699 4758 758 4833 sibi
801 4762 838 4834 in
865 4761 1074 4859 primarium
1099 4755 1295 4833 Patronum
1321 4757 1553 4852 adsciverant.
1590 4762 1645 4839 Ex

102 4894 175 4964 quo
203 4864 482 4960 igitur-Samius
510 4863 637 4960 aliquis
660 4861 864 4953 Civitatis,
904 4886 970 4935 nec
997 4881 1140 4936 tantum
1177 4859 1340 4939 Ecclesia
1367 4884 1534 4959 patronus
1564 4864 1646 4960 sit,

102 4995 177 5049 tion
203 4970 307 5050 debet
341 4992 400 5067 per
426 4963 627 5042 universam
664 4962 843 5040 dioecesrm
881 4990 964 5041 cum
990 4967 1112 5040 octava
1139 4964 1307 5041 celebrati
1331 5019 1340 5040 .
1366 4964 1445 5043 Nec
1478 4961 1546 5042 suit
1572 4968 1648 5045 haec

55 5072 58 5077 ’
97 5071 137 5154 S·
164 5070 465 5173 Congregationis
490 5070 528 5146 ln
556 5065 712 5172 prasenti
739 5066 980 5148 declaratione
1006 5090 1131 5145 inens.
1506 5167 1582 5251 OQ

1303 5192 1452 5244 reu:
1545 5219 1559 5247 ,
1581 5213 1597 5233 .
