3856 5678
538 291 1043 377 Aroerourcre.
1097 297 1209 393 ¹5⁶4
1265 299 1375 383 ιόοο.ι
1607 314 1715 399 273v

237 433 441 543 egationis,
464 434 553 516 dum
576 435 669 516 suile
694 428 760 537 pio
784 453 886 536 perte
920 431 1031 535 Regis
1065 430 1248 512 Catholici
1284 433 1476 528 iitstantia,
1511 453 1553 514 ut
1589 439 1736 538 presens

189 452 600 642 {egoni-‚constitutio
630 538 681 619 ad-
713 535 1200 657 cxcmptoefextendcretur,
1234 554 1412 635 quantum
1435 537 1484 612 ad
1517 536 1590 615 hoc
1624 546 1733 622 utin

190 640 305 725 indiis
330 644 412 721 lites
436 644 549 719 etiarn
572 665 698 720 eorum
726 653 1024 732 terminarentur,
1049 637 1108 714 tes
1149 637 1226 713 ndit
1257 635 1316 736 15.
1343 635 1430 738 Apr.
1459 636 1658 734 1698.,ut
1693 646 1735 723 in

186 746 352 850 quodam
374 745 521 846 supplici
547 740 799 822 libello'relcrt
823 740 863 818 P.
889 737 1046 838 Ioannes
1118 739 1253 815 attinet
1278 740 1323 814 dc
1349 738 1506 838 Ripalda
1540 739 1577 819 S.
1614 739 1647 839 J.
1673 743 1734 823 In.

183 850 345 961 diarum·
362 853 591 966 procurator,
616 846 861 923 Recurrendum
883 843 943 939 elil
966 844 1013 919 in
1029 841 1132 931 cartes
1153 837 1439 953 particularium,
1464 860 1592 943 nempe
1617 844 1740 929 edice.
1860 895 1870 913 κ

181 950 276 1028 dem
293 948 732 1152 ἒέοὲῆέιίὲζῖῗεῳαᾷἁᾶ
754 1054 792 1131 dt
838 998 999 1126 uomodo
1022 1000 1062 1121 in
1087 1002 1199 1121 causis
1222 1046 1439 1145 regularium
1457 986 1738 1147 dicerepotall?

177 1150 320 1231 Praxia
342 1155 411 1230 crit
436 1155 585 1254 duplex,
608 1146 806 1252 respondet
839 1170 974 1227 oannes
997 1145 1185 1225 Gutierrez
1211 1149 1306 1246 apud
1330 1145 1388 1223 Ill.
1415 1147 1606 1227 villafrod
1631 1156 1730 1244 (a).

173 1253 341 1346 Prima,
367 1274 409 1331 ut
432 1257 648 1353 producatur
672 1253 807 1329 libellus
831 1250 977 1330 titionis
1000 1271 1125 1325 coram
1158 1246 1356 1325 Ordinatio
1390 1250 1462 1325 loci
1495 1269 1625 1328 contra
1657 1248 1737 1332 reli-

172 1353 315 1457 giosos
338 1376 520 1455 exemptos
545 1380 611 1456 pro
634 1379 673 1431 rc
697 1358 752 1431 vel
777 1355 978 1453 quantitate
1015 1350 1135 1458 debita
1168 1369 1269 1426 extra
1306 1349 1427 1426 causas
1461 1354 1666 1431 mercedum
1696 1360 1735 1435 dt·
1783 1374 1798 1383 '

173 1456 447 1535 miserabilium
471 1459 724 1557 personarum.
748 1452 1036 1533 ‘Et'Ordinmiut
1061 1453 1240 1552 pcncipiat
1264 1449 1385 1527 statim
1396 1453 1557 1531 intimari
1582 1454 1711 1533 eisdem
1723 1511 1736 1551 ,

173 1577 230 1635 ut
266 1559 362 1634 intra
388 1581 550 1657 certum,
575 1559 716 1634 brevem
741 1578 864 1634 tamen
890 1554 1106 1646 terminum,
1133 1576 1240 1652 quem
1265 1551 1449 1650 asstgnabit
1474 1556 1526 1632 eis
1538 1611 1551 1649 ,
1577 1557 1736 1656 eligant,
1785 1568 1790 1577 “

173 1661 249 1736 vel
276 1659 428 1735 clodium
453 1658 610 1743 iudicent
642 1655 865 1749 ostendant,
901 1678 1024 1731 coram
1061 1679 1133 1753 quo
1159 1651 1305 1752 prae'scne
1328 1656 1374 1733 lit
1398 1673 1550 1754 agatur3
1574 1660 1737 1757 alioquin

176 1758 329 1839 eisdem
354 1761 494 1837 libellus¹
515 1756 723 1859 intimetur,
749 1763 787 1834 dt
812 1759 916 1832 intra·
932 1758 1113 1833 eumdem.
1126 1756 1321 1831 terminum
1341 1753 1585 1854 respondeant¹
1605 1759 1736 1839 subex-

178 1861 536 1940 communicationis
560 1881 684 1960 pcena.
709 1853 846 1956 Qodsr
872 1859 975 1934 illum
999 1857 1189 1956 clegerint,
1210 1860 1270 1935 ¹vel
1291 1859 1445 1962 elestutn
1469 1883 1554 1938 cum
1575 1860 1755 1961 accepta-⁴

178 1965 300 2043 tione
322 1962 638 2039 demonstraven’nt
663 1962 758 2035 intra
783 1956 996 2061 praefinitum
1022 1978 1158 2058 tempus
1183 1962 1245 2035 vel.
1263 1962 1476 2056 terminum,
1502 1962 1550 2039 ad
1571 1987 1658 2042 eum
1682 1984 1734 2043 re·

176 2065 371 2142 mittenda
396 2066 464 2140 erit
488 2061 616 2154 ceusa3
642 2059 693 2135 srn
718 2062 834 2138 minus
858 2063 903 2137 de
927 2086 971 2137 ea
997 2059 1066 2160 ipse
1092 2060 1304 2160 cognoscet.
1367 2100 1371 2109 ·
1714 2144 1716 2148 ,

302 2165 465 2243 Secunda
489 2166 606 2265 praxis
629 2161 700 2257 eil,
727 2183 766 2239 ut
779 2163 1008 2240 ,ordinariae
1026 2163 1196 2263 produelo
1218 2162 1339 2241 libello
1371 2165 1488 2256 iubeat
1525 2162 1637 2275 ipsum
1672 2171 1740 2246 reis

185 2266 385 2361 intimati,
412 2272 449 2347 dt
470 2269 567 2367 quod
593 2266 700 2343 tertia
734 2266 792 2342 die
826 2266 1093 2364 respondeant.
1128 2260 1265 2363 Quodst
1302 2263 1366 2365 ipfi
1390 2282 1621 2370 compareant
1656 2297 1741 2351 eum

183 2370 371 2446 eledione
395 2367 447 2446 sui
473 2370 751 2462 conservatoris,
774 2373 811 2446 dt
838 2387 961 2467 perant
986 2367 1036 2444 ad
1062 2362 1174 2465 ipsum
1198 2365 1341 2445 cattsam
1364 2371 1525 2465 remitti,
1550 2392 1635 2450 tunc
1656 2398 1741 2472 prae·

183 2469 259 2547 vio
286 2471 388 2561 hujus
415 2471 556 2545 articuli
581 2473 765 2566 examine,
783 2470 838 2547 ¹ad
863 2495 948 2546 eum
972 2468 1185 2545 remittenda
1219 2471 1320 2564 erit,
1345 2470 1419 2574 nist
1438 2473 1742 2565 aliud'juridicum

184 2571 339 2661 obstem
367 2573 454 2646 alias
489 2570 791 2657 iConscrtatore
828 2570 1039 2649 Ordinarius
1071 2574 1374 2649 excommunicati
1409 2577 1571 2673 poterit.
1606 2571 1742 2672 Qodsr

202 2672 360 2770 religiost
387 2673 458 2749 hoc
481 2698 554 2750 non
579 2673 828 2775 opposuerint,
864 2673 1077 2751 Ordinariua
1112 2676 1149 2750 in
1189 2671 1293 2752 causa
1327 2676 1427 2766 iuxta
1462 2675 1546 2767 iurie
1576 2679 1769 2754 ordinem·

204 2777 396 2871 procedat.
424 2773 613 2876 Hucusque
637 2776 845 2870 Gutierrez,
871 2779 916 2854 de
942 2779 1041 2869 cujus
1064 2775 1149 2853 bina
1175 2777 1276 2877 praxi
1301 2778 1354 2853 ait
1381 2775 1742 2861 luminemus

206 2876 247 2950 dc
275 2878 308 2949 la
338 2875 436 2973 Vaga
463 2877 562 2980 (bl),
588 2880 675 2955 dum
700 2878 904 2957 eratLimae
929 2879 1092 2956 Vicarius
1103 2875 1315 2970 Generalis,
1342 2877 1402 2954 scu
1425 2878 1647 2982 Episcopalie
1656 2878 1743 2959 Pro·

204 2973 329 3051 visor:
368 2981 421 3050 Ea
457 3000 599 3078 recepta
634 2979 685 3058 est
719 2984 757 3058 in
791 2980 863 3061 hoc
900 2979 1212 3079 archiepiscopatu
1236 2978 1422 3055 Limenst.
1448 2981 1495 3057 Et
1532 2982 1615 3059 licet
1641 2986 1744 3060 annis

207 3079 393 3177 preteritis
420 3082 565 3178 quidam
589 3081 742 3182 religiosi
768 3083 984 3158 intenderint
1009 3083 1187 3158 declinare
1208 3077 1488 3168 iurisdistionem
1497 3084 1744 3179 ordinariam,

206 3182 462 3277 praetendentes
486 3184 582 3282 quod
608 3204 750 3282 propter
774 3183 1037 3282 exemptionem
1063 3205 1142 3256 non
1163 3197 1308 3279 poterat
1334 3181 1384 3255 eis
1419 3178 1494 3257 freti
1521 3184 1704 3263 intimatio
1731 3241 1743 3279 ,

206 3281 303 3382 quod
328 3285 499 3380 eligerent
525 3285 832 3379 conservatorem,
857 3285 930 3360 hoc
956 3282 1026 3359 illis
1052 3282 1074 3356 ὲ
1098 3306 1157 3357 me
1182 3282 1397 3378 denegatum
1421 3277 1512 3358 suit:
1538 3288 1573 3360 dt
1596 3306 1744 3361 cumre-

206 3383 385 3461 currissent
412 3410 473 3484 per
499 3389 596 3462 viam
622 3389 797 3464 violentia
824 3387 871 3462 ad
893 3385 1070 3483 Regalcm
1094 3382 1378 3475 cancellariam,
1404 3380 1509 3458 causa
1533 3381 1602 3461 fuit
1626 3383 1744 3482 {devo-

204 3488 302 3580 luta,
328 3487 547 3565 declarando
574 3492 714 3566 nullam
739 3491 812 3564 vim
837 3485 937 3565 suissc
963 3488 1125 3564 illatum.
1152 3483 1202 3564 Et
1225 3483 1278 3560 ita
1300 3484 1377 3572 iam
1399 3481 1528 3584 absque
1551 3486 1743 3570 dubiohoc

203 3586 253 3676 jus
284 3591 485 3664 admittitur
512 3588 637 3691 absque
662 3591 963 3667 contradidione.

307 3689 548 3788 Nihilominus
573 3714 614 3769 ut
641 3695 772 3788 vitaret⁴
792 3690 874 3770 lites
907 3689 1080 3771 Pacificus
1116 3689 1307 3768 Villarroel
1341 3684 1517 3769 Chilenfis
1553 3691 1745 3793 Episcopus

212 3791 251 3866 in
276 3813 483 3868 oecurrente
507 3792 590 3869 casu
613 3793 842 3893 quaestionem
865 3793 995 3869 detulit
1020 3794 1066 3869 ad
1090 3792 1263 3870 Senatum
1288 3790 1479 3887 Indicum,
1503 3791 1744 3892 underespon·

207 3889 449 3991 sumaccepit
474 3891 638 3993 sequens:
663 3889 716 3970 En
739 3898 771 3971 el
794 3896 1062 3993 conocimjcnto
1086 3895 1140 3967 de
1156 3897 1208 3968 las
1233 3894 1447 3984 demandas,
1472 3916 1540 3990 que
1573 3889 1673 3968 decis
1708 3894 1744 3971 se

207 4019 323 4095 ponen
352 3999 373 4068 ὲ
398 3994 452 4069 los
476 3995 658 4093 religiosos
682 3997 728 4081 dc
751 3994 1035 4093 csseObispado,
1050 3991 1168 4069 affien
1193 3993 1345 4070 materia
1356 3995 1400 4069 dc
1426 3989 1655 4086 maravedls,
1682 4019 1743 4070 co-

205 4095 340 4172 mode
365 4116 463 4173 otros
487 4094 664 4173 interesses
701 4098 902 4197 guardareis
935 4097 973 4169 lo
991 4113 993 4117 ’
1009 4090 1181 4192 dispueslo
1208 4119 1273 4194 por
1305 4095 1341 4170 cl
1366 4093 1481 4172 Sento
1505 4092 1674 4179 Concilio
1699 4097 1744 4171 de

204 4196 369 4290 Trento,
394 4223 416 4293 y
440 4222 485 4273 en
509 4199 608 4274 duda
633 4197 668 4273 se
693 4224 734 4274 os
758 4220 910 4296 cncarga
935 4220 1003 4294 que
1027 4193 1130 4293 figais
1155 4197 1188 4273 cl
1212 4194 1360 4292 estiloy
1400 4198 1550 4294 predica
1585 4196 1631 4271 de
1666 4221 1744 4273 vue-

206 4297 281 4374 stro
308 4300 583 4398 Metropolim.
610 4298 671 4378 Est
698 4320 818 4378 autem
852 4295 1008 4376 dioecefie
1034 4299 1103 4387 willa
1125 4296 1304 4376 Chilenfis
1328 4295 1389 4374 sub
1421 4295 1579 4375 Limensr
1604 4297 1744 4377 Metro·

206 4401 518 4499 politano„cujue
542 4401 671 4495 stylum
694 4408 734 4481 dt
756 4403 895 4501 praxim
924 4399 1026 4499 supra
1052 4396 1203 4501 positam
1227 4403 1266 4478 in
1299 4396 1369 4478 suis
1406 4399 1453 4480 a'd
1477 4400 1652 4478 Senatum
1687 4401 1745 4477 In·

207 4504 328 4580 dicum
354 4503 481 4578 litteris
505 4504 711 4602 exposuerat
737 4503 949 4581 Villarroel.
1604 4552 1607 4557 ·

313 4601 468 4680 Concilii
494 4603 698 4681 Tridentini
723 4605 842 4706 quoad
867 4602 1012 4706 praesens
1038 4605 1169 4680 attinet
1193 4599 1323 4678 decifio
1349 4599 1398 4697 eil
1425 4605 1518 4696 (c),
1544 4600 1745 4698 Utobseroe-

1635 4720 1693 4778 tur

206 4826 565 4853 ——u-u—-vn--n
572 4821 1258 4854 —u—-fi-—u—fi-u-——n
1270 4824 1729 4852 ,μισ-..σ’-

253 4932 292 5005 (a)
304 4932 495 4996 Villaerr.Gob.
506 4935 583 4995 Eccl-
594 4951 658 4995 tem.
671 4955 698 4992 a.
706 4951 733 5006 q·
742 4945 807 4995 m-
817 4952 921 5004 mma.
941 4927 1540 5019 (blv.reltciae.aepade'illarr.100.elan.
1549 4950 1578 5001 3.
1606 4925 1743 5003 (elTre'd
1890 4969 1895 4978 ·

196 5012 258 5083 iff-
282 5032 308 5076 7·
328 5030 389 5080 ue·
411 5035 438 5081 t·
457 5017 501 5074 De
520 5013 643 5087 diesem.
1174 5063 1177 5067 .

1021 5082 1119 5163 Mm
