3864 5686
324 308 425 450 ιη·
905 363 1259 444 ita-st!

310 539 439 615 gotum
464 512 632 589 adventus
657 522 933 588 monumentum
958 509 1076 588 sutura
1104 510 1364 609 appellatione.
1391 505 1449 581 Ad
1477 510 1546 586 tria
1572 512 1733 610 passuum,
1754 516 1845 591 ml·

237 648 240 652 ·
311 619 361 694 lia
386 617 590 713 Veriquam
617 611 824 690 aurifodinis
861 613 1037 690 nobilem.
1076 612 1176 689 Tota
1202 614 1277 689 haec
1304 612 1483 713 provincia
1519 614 1667 693 ducatui
1696 617 1846 694 titulum

311 718 412 797 dedit
436 715 577 819 postea,
602 717 662 815 qui
690 715 880 793 Ludovico
905 715 1026 792 Coloii
1051 711 1300 815 Ohiistophori
1326 716 1449 815 nepoti
1475 717 1593 793 cessit:
1619 720 1765 818 jureque
1798 721 1865 797 de·

312 823 429 919 inceps
452 844 514 918 per
550 816 737 895 soeminam
776 820 936 895 tradusto
973 819 1198 916 Brigantiam
1234 820 1384 894 domum
1421 816 1621 896 honestavit
1659 825 1816 920 primum
1851 850 1864 914 3

310 923 394 1000 deiri
420 946 504 1000 vero
529 922 657 998 eodem
684 923 791 998 titulo
819 923 985 997 inclaruit
1011 919 1151 997 familia
1178 920 1499 1013 LiriaaBarueich.

358 1075 362 1081 -
754 1024 953 1101 Socotora.
980 1029 1080 1124 Long.
1109 1019 1170 1120 83.
1199 1028 1278 1117 Lat.
1306 1030 1342 1099 6.
1372 1047 1433 1100 10.
1472 1076 1474 1081 -

361 1125 503 1225 Qiinto
529 1127 575 1204 ad
600 1126 745 1203 Indiam
771 1130 961 1226 navigatur
985 1126 1054 1202 hoc
1082 1151 1202 1219 anno,
1230 1124 1419 1226 Alphonso
1446 1115 1872 1228 hlbuiquerquecogno·

311 1253 436 1308 mento
462 1229 626 1329 Magno,
653 1231 727 1320 ejus
749 1225 859 1305 fratre
884 1226 1096 1323 Francisco,
1122 1233 1159 1306 dt
1185 1231 1352 1305 Antonio
1378 1226 1557 1327 Saldagna
1581 1228 1727 1328 siugulis
1755 1235 1863 1307 attri-

311 1334 403 1410 butae
428 1331 540 1425 classis
565 1330 754 1431 praefertis.
783 1330 881 1406 Inter
907 1333 1148 1431 navigandum
1173 1328 1395 1430 speetabiiem
1434 1329 1559 1407 habuit
1584 1330 1747 1410 Didacus
1774 1333 1856 1409 Fer-

310 1437 451 1511 uandez
474 1434 615 1512 Pereita
640 1435 739 1510 navis
774 1430 955 1526 cujusdam
972 1434 1196 1533 gubernator
1223 1431 1283 1508 sub
1307 1434 1488 1531 Saldagiia
1513 1434 1736 1512 Socotoram
1763 1435 1872 1513 insu-⁴

310 1539 407 1614 Iam.
434 1535 636 1636 Alphonsus
660 1537 704 1611 de
732 1535 997 1634 Alburquetque
1033 1534 1172 1614 demisit
1199 1535 1374 1612 anchoras
1412 1536 1457 1610 ad
1495 1540 1787 1634 promontorium
1817 1541 1869 1612 de.

310 1638 494 1734 Guardafii·
514 1642 667 1732 dietum,
697 1639 832 1738 quoin
857 1636 980 1714 Africa
1016 1640 1156 1714 nullum
1194 1635 1243 1714 est
1269 1639 1399 1715 orienti
1426 1640 1644 1736 proximius.
1686 1639 1865 1741 idemque

312 1768 397 1820 cum
422 1742 461 1818 iu
487 1741 632 1817 indiam
656 1743 754 1818 venit
782 1765 901 1821 arcem
927 1743 1088 1821 ¹condidit
1115 1743 1152 1818 in
1163 1738 1326 1819 Coccino
1352 1737 1491 1835 insula,
1516 1768 1628 1843 quam
1654 1768 1676 1818 a
1702 1743 1737 1821 S.
1751 1741 1873 1840 laco«,

255 1902 262 1907 -
310 1845 364 1926 bo
384 1847 612 1924 nominatam
639 1845 770 1921 voluit.
1370 1862 1373 1869 ·
1413 1885 1418 1892 ·

1029 1975 1135 2054 1504·
1238 2047 1240 2050 .
1551 1991 1552 1994 ‘

517 2053 637 2149 Syrtes
662 2053 935 2132 Terra-Novae.
962 2061 1061 2158 long.
1090 2078 1176 2157 327.
1206 2073 1293 2158 337.
1320 2059 1401 2134 Lat.
1428 2053 1494 2132 bar.
1521 2075 1647 2155 4o5o.

363 2152 565 2233 Pisculeirra
591 2156 682 2233 vada
708 2156 956 2233 Terra-Nova
981 2159 1254 2261 frequentabant
1280 2183 1341 2258 per
1366 2159 1441 2234 haec
1462 2178 1634 2256 tempora·
1649 2153 1860 2248 Vascones,

312 2254 541 2352 Norinanni,
568 2257 823 2361 Britannique:
850 2261 947 2352 cujus
972 2265 1179 2341 commercii
1205 2262 1342 2361 epocha
1367 2260 1514 2336 obscura
1540 2259 1611 2338 est:
1637 2283 1751 2358 neque
1778 2284 1866 2332 mas-

312 2361 368 2458 gis
388 2361 481 2439 inter
506 2362 664 2440 eruditos
690 2362 826 2443 constat
852 2390 926 2463 quo
951 2387 1113 2466 tempore
1135 2364 1355 2445 innotescere
1381 2368 1552 2465 coeperint
1578 2361 1687 2457 syrtes
1714 2361 1808 2438 illae.

1025 2494 1136 2571 1505.

622 2569 915 2676 Monomotapa.
940 2576 1041 2675 long.
1068 2595 1124 2673 44
1159 2576 1240 2649 Lat.
1267 2599 1349 2650 mer.
1383 2568 1455 2646 18.-

364 2669 538 2748 Nondum
574 2671 624 2747 de
654 2671 831 2750 Africano
869 2678 1145 2778 Monomorapae
1179 2675 1335 2775 Imperio
1361 2673 1554 2773 quidquam
1590 2671 1755 2748 auditum
1782 2687 1864 2748 erat

313 2769 521 2871 Europaeis.
540 2771 663 2850 Petrus
688 2778 732 2850 de
758 2778 886 2877 Anaya
913 2778 1107 2857 Lusitanus
1133 2778 1264 2879 primus
1291 2779 1458 2853 omnium
1482 2775 1575 2850 illius
1600 2773 1773 2850 notitiam
1788 2794 1859 2843 ati·

183 2988 185 2992 ‚
260 2950 266 2958 ,
314 2883 461 2973 stipatus
485 2873 555 2953 hoc
582 2901 679 2955 auno
704 2876 753 2955 est
779 2882 819 2959 in
841 2909 957 2985 regno
979 2881 1177 2961 Sosaleitsi.

909 2985 1098 3064 Australes·
1113 2987 1255 3061 Terrae.

360 3077 506 3157 Eodem
527 3085 599 3162 hoc
610 3109 705 3163 anno
717 3108 877 3166 vertente
889 3089 978 3165 certi
991 3107 1205 3164 mercatores
1218 3079 1540 3184 Rhotomagienles
1552 3080 1653 3161 inita
1668 3085 1761 3159 inter
1786 3105 1856 3157 eos

313 3175 481 3259 societate
509 3189 643 3290 almuas
668 3193 707 3266 in
732 3189 876 3268 Indiam
901 3196 1114 3270 orientalem
1141 3191 1359 3268 adornarunt
1381 3211 1511 3278 naves,
1539 3187 1704 3263 omnium
1733 3181 1858 3283 prafe-

313 3284 370 3361 elo
396 3283 533 3366 BIneto
552 3290 731 3369 Paulmier
757 3296 802 3369 de
826 3297 1062 3382 Goimeville,
1137 3296 1146 3362 i
1173 3310 1455 3387 cumaquarum
1481 3289 1745 3360 decurrentium
1777 3308 1862 3359 ven·

316 3405 505 3482 torumque
529 3392 563 3461 vi
589 3392 698 3483 longe
732 3391 778 3461 ad
804 3389 960 3463 auslrum
987 3390 1033 3462 ab
1055 3316 1186 3463 Aihcae
1211 3412 1274 3464 ora
1311 3383 1534 3478 deferretur,
1559 3388 1700 3485 appulit
1725 3387 1763 3460 in
1791 3410 1859 3461 no»

314 3487 770 3586 uam'pulcherrimamque
795 3491 1002 3586 regionem,
1041 3517 1061 3566 a
1089 3490 1185 3581 cujus
1224 3489 1350 3566 incolis
1375 3508 1574 3565 reverenter
1598 3513 1665 3564 nec
1691 3486 1764 3562 fine
1790 3488 1853 3562 ad·

312 3587 506 3677 miratione
533 3586 800 3686 acceptus-est.
819 3590 873 3666 Ea
900 3596 1026 3692 quippe
1052 3593 1243 3668 hominum
1279 3591 1404 3683 natio,
1445 3589 1579 3667 sivera
1607 3590 1867 3682 narraturam-1

315 3684 370 3762 sce
396 3689 632 3787 navigationis
658 3692 876 3790 ephemeris,
901 3698 1000 3772 mitis
1026 3696 1075 3771 est
1101 3697 1258 3793 ingenii,
1296 3714 1401 3793 atque
1427 3694 1518 3769 adeo
1543 3695 1707 3786 socialis,
1743 3717 1864 3793 neque·

314 3788 485 3865 deformis
510 3792 648 3891 specie,
686 3795 889 3895 aspediuque
926 3799 1095 3876 barbata.
1120 3797 1307 3897 Specimen
1342 3797 1481 3870 reduxit
1507 3795 1625 3872 secum
1650 3794 1854 3871 Gonnevil·

314 3894 397 3968 Iaeus
423 3894 460 3968 iii
485 3895 647 3974 Galliam
672 3896 788 3975 filium
814 3903 926 4000 reguli
953 3902 1110 4000 obligata
1136 3899 1205 3976 side
1225 3901 1378 3976 eundem
1404 3898 1593 3975 reducendi
1620 3898 1664 3975 ad
1690 3897 1771 3973 suos
1782 3895 1857 3996 post

315 3996 445 4093 vigitrti
465 3992 608 4075 Lunas.
632 4000 706 4077 Sed
733 4004 931 4100 reipublicae
946 4005 1092 4080 dissidiis
1118 4004 1313 4102 prohibitus
1336 3999 1452 4077 fidem
1471 4000 1641 4094 liberare,
1669 4021 1709 4076 ue
1735 3999 1857 4075 solitu·

315 4097 438 4174 dinem
464 4099 716 4187 iuvenisssadeo
742 4106 931 4181 liberaliter
958 4107 1019 4182 sibi
1043 4107 1164 4181 traditi
1190 4104 1384 4198 solaretur,
1409 4101 1525 4179 filiam
1551 4104 1651 4178 dedit
1677 4126 1851 4194 uxorem,

316 4195 558 4301 haeredemque
584 4204 697 4281 dixit.
721 4203 865 4281 Horum
890 4205 1183 4284 filius-itinerarii
1207 4209 1254 4283 ad
1279 4228 1392 4284 terras
1415 4205 1581 4283 australes
1606 4203 1757 4305 scriptor
1783 4204 1867 4282 cst.-

329 4340 333 4348 ’
1043 4317 1152 4408 1506.

613 4458 621 4463 -
677 4407 850 4487 Canada.
877 4415 978 4513 long.
1007 4436 1093 4511 290.
1118 4417 1199 4488 Lat.
1226 4413 1291 4489 bor.
1320 4435 1379 4512 55.

368 4507 528 4604 Joatiiies
551 4509 750 4608 Dionysius
784 4514 827 4589 de
863 4511 1042 4592 Honfleur
1078 4517 1205 4616 publici
1242 4518 1325 4606 juris
1350 4514 1434 4591 fecit
1470 4514 1545 4590 hoc
1569 4541 1671 4592 anno
1693 4514 1855 4587 chartam

318 4613 624 4728 geographicam,
658 4615 838 4717 descriptis
875 4619 914 4694 in
951 4644 993 4698 ea
1019 4645 1084 4696 ora
1110 4619 1295 4700 maritima
1329 4618 1457 4696 Terrae.
1475 4619 1608 4714 Nova,
1645 4614 1781 4714 eiusque
1807 4617 1860 4689 vis

206 4734 248 4761 ²
320 4733 494 4790 (inflate.
576 4763 578 4768 ,

543 4862 546 4868 ·
614 4868 618 4875 ·
665 4872 668 4876 -
773 4823 967 4906 Maldivc.
1081 4828 1301 4906 Cellamtm.

369 4915 507 4995 Eodem
543 4923 631 5001 item
658 4951 755 5002 anno
780 4926 995 5007 Laurentius
1025 4931 1201 5012 Francisci
1225 4931 1402 5008 Almeidae
1437 4928 1549 5005 Indiae
1572 4926 1736 5026 Protegit
1762 4922 1860 4998 filius

320 5020 591 5119 pervestigatum
617 5026 797 5107 Maldivas
822 5031 1002 5133 ablegatus
1013 5032 1204 5127 Ceilanum
1230 5033 1382 5112 insulam
1406 5034 1515 5108 veluti
1542 5057 1603 5131 pei
1624 5028 1862 5106 transennam.

321 5116 467 5200 lustrat.
493 5123 643 5210 Deinde
666 5154 750 5216 tero
764 5131 1115 5222 ‹Meldivaeliusules
1153 5134 1501 5242 explorassesettut:
1537 5138 1634 5239 quod
1650 5133 1738 5314 uescil
1756 5130 1859 5229 equi·

492 5292 497 5300 ,
1741 5259 1806 5313 em
