3864 5686
256 465 284 541 4
793 406 1153 505 reteri

922 589 938 640 Ι
1023 620 1032 639 ⁰
1261 614 1264 619 .

587 666 721 744 Album
747 663 867 744 Proin.
894 587 1058 766 lanfr.
1086 671 1167 744 Lat.
1195 667 1263 745 bor.
1290 694 1350 746 21.
1740 741 1744 746 .

252 783 403 884 Nugniu
424 767 608 852 Tristanus
630 794 651 846 e
677 766 860 857 Lusitania
886 767 1030 859 salutati
1057 771 1213 867 primum
1237 770 1321 848 Albi
1351 759 1592 863 Promontorii
1620 774 1734 870 (His-

248 871 765 965 niscalontaenco)1audem
801 872 921 946 nauus
956 869 1005 946 esi
1029 869 1100 947 hoc
1137 872 1257 967 anno,
1292 900 1365 973 quo
1399 879 1565 952 nonnulli
1600 882 1736 957 inventi

200 916 357 1087 Hesperii
382 976 508 1054 Cornu
532 977 549 1066 (
573 971 778 1049 CaboVerde
802 977 818 1060 )
844 972 988 1048 initium
1012 971 1154 1072 figunt.
1194 973 1243 1051 Iis
1268 995 1391 1054 tamen
1417 979 1572 1078 plerique
1609 1006 1734 1058 omnes

204 1081 454 1174 adversantur.
819 1098 823 1120 ³
856 1131 859 1137 -
1537 1103 1540 1107 ·
1741 1113 1744 1117 ·

579 1197 981 1380 'Auri-flumenqizong.
994 1197 1152 1377 1243&
1178 1280 1244 1358 bor.
1274 1302 1336 1385 23.

681 1382 831 1480 Arguin.
857 1386 958 1490 song.
973 1405 1006 1456 1.
1032 1386 1112 1459 Lat.
1127 1407 1187 1458 20.
1200 1409 1261 1460 20.

196 1499 220 1536 '⁸
250 1496 430 1575 Antonius
455 1487 638 1565 Gonzalez
670 1481 820 1560 lusitana
846 1485 934 1560 item
958 1503 1063 1582 gente
1088 1507 1193 1561 natus
1212 1484 1347 1563 flumen
1372 1488 1479 1588 vulgo
1502 1490 1576 1565 dell’
1596 1495 1665 1567 Oro
1690 1493 1738 1569 ad

198 1626 243 1680 ea
268 1617 430 1693 tempora
455 1589 703 1686 innavigatum
726 1586 931 1684 explorator
954 1586 1046 1662 subit
1072 1612 1168 1664 anno
1182 1611 1292 1687 1442.
1318 1588 1494 1690 Sequente
1518 1616 1602 1667 vero
1620 1615 1730 1693 1443.

197 1700 375 1799 Arguinas
401 1691 550 1784 insulas,
577 1714 653 1788 quae
678 1708 806 1763 contra
831 1687 964 1763 Album
981 1692 1269 1786 promontorium
1294 1687 1362 1766 sese
1374 1694 1537 1791 erigunt,
1564 1718 1738 1794 recogno-

197 1801 285 1879 scit.
311 1798 384 1874 Hic
410 1820 528 1871 arcem
552 1792 698 1867 excitari
724 1791 875 1902 imperat
900 1786 1025 1869 Infans
1050 1788 1246 1886 Henricus,
1272 1818 1381 1894 quam
1413 1797 1497 1872 anni
1525 1794 1637 1896 1638.
1664 1797 1737 1876 Ba·

200 1905 274 1983 tavi
300 1912 605 2001 expugnaverunt.
1473 1939 1477 1953 ·

584 2102 727 2198 Angra.
753 2103 854 2204 song.
882 2021 1124 2200 §instituted
1151 2082 1374 2182 meridoo(

248 2205 433 2286 Gonzalus
457 2199 517 2279 seu
541 2200 778 2279 Gundisalvue
803 2207 848 2280 de
872 2204 1002 2281 Cintra
1027 2207 1155 2295 eadem
1179 2233 1249 2307 qua
1274 2205 1465 2306 superiores
1489 2207 1627 2304 origine
1654 2220 1766 2284 ani-f

197 2312 297 2412 plum
323 2313 361 2385 in
385 2331 450 2383 oia
486 2305 649 2404 Nigritiac
683 2302 799 2380 sinum
836 2308 1032 2402 ingreditur
1069 2307 1167 2382 haud
1201 2309 1359 2384 secundis
1391 2309 1535 2406 quidem
1569 2307 1729 2402 avibus,

196 2415 237 2487 iii
260 2436 306 2486 eo
330 2411 456 2507 quippe
482 2408 556 2484 vita
582 2404 783 2482 intersedus
808 2405 889 2483 est.
929 2409 986 2484 Ab
1012 2405 1206 2485 inventore*
1224 2409 1410 2511 desumpto
1446 2412 1592 2486 nomine
1618 2408 1737 2488 sinum

198 2521 316 2611 Angra
340 2513 378 2586 de
403 2513 433 2584 C
432 2510 526 2586 intra
553 2511 796 2609 appellarunt,
823 2511 881 2584 cui
906 2506 1023 2587 solum
1048 2521 1166 2613 Aegra
1191 2537 1326 2591 nomen
1351 2514 1494 2610 reliquit
1519 2511 1620 2587 usus.
1741 2556 1743 2560 <

917 2635 935 2689 1
993 2622 1029 2692 6.

305 2811 307 2814 Ι
530 2711 742 2814 Hesperium
766 2712 914 2795 Cornu.
940 2636 1040 2817 stag.
1072 2740 1104 2791 1.
1142 2721 1222 2792 Lat.
1253 2740 1310 2816 15.
1336 2717 1403 2793 bor.
1539 2744 1541 2751 ·

247 2819 385 2918 Nugno
408 2811 612 2911 Tiislanio,
637 2843 744 2918 quem
769 2814 876 2919 paulo
902 2840 985 2893 ante
1011 2820 1327 2911 commemoravi,
1353 2818 1469 2915 primo
1494 2838 1540 2891 eit
1571 2817 1738 2894 omnibus

194 2920 486 3021 promontorium
495 2915 619 3008 Viride
643 2939 749 3021 caput
762 2920 898 3020 aperuit
910 2917 1034 2996 sumn.
1056 2922 1113 2995 Ab
1122 2920 1252 2995 eodem
1264 2920 1486 3019 imprudente
1495 2937 1617 2993 tamen
1628 2917 1738 2992 Sene·

195 3025 285 3122 galis
309 3021 440 3099 ostium
464 3018 667 3121 superamm
691 3022 762 3114 est,
788 3023 918 3121 quoad
943 3021 1181 3122 promontorii
1192 3019 1467 3119 septentrionem
1478 3019 1517 3092 in
1540 3041 1639 3093 mare
1664 3017 1740 3094 sese

194 3126 331 3222 egerit,
355 3124 658 3223 quemadmodum
682 3124 844 3201 Gambra
872 3123 917 3198 ad
942 3124 1035 3198 illius
1060 3122 1249 3199 meridiem
1273 3123 1313 3196 vi.
1334 3122 1449 3197 scitur
1472 3118 1556 3196 sua.
1581 3118 1742 3195 Duobus

135 3240 141 3267 l
193 3223 291 3300 hisce
316 3225 524 3303 fluminibus
543 3226 653 3305 veluti
679 3227 831 3303 totidem
855 3225 1008 3301 brachiis
1034 3228 1186 3296 trullum
1212 3225 1315 3295 illum
1341 3223 1564 3318 amplediitur
1599 3218 1740 3296 flumen

11 5258 151 5336 Λ

195 3325 371 3423 Nigrum.
395 3325 516 3397 Porro
535 3329 640 3411 hujus
665 3325 881 3413 inventionis
908 3320 1098 3392 authorem
1124 3322 1229 3416 pauci
1254 3321 1405 3395 laudant
1423 3316 1642 3414 Dionysium
1653 3319 1742 3398 Fer·

194 3425 356 3518 nanda,
379 3421 439 3518 qui
463 3417 557 3497 forte
582 3417 709 3495 eadem
735 3442 818 3493 cuni
844 3417 978 3518 Nugno
1003 3419 1198 3496 vehebatur
1223 3422 1328 3497 navi.
1601 3448 1604 3453 ·

906 3543 1017 3620 1447·
1225 3567 1228 3573 ·

224 3661 227 3668 ·
273 3708 311 3716 W
465 3679 468 3682 -
671 3622 866 3722 Senegale.
893 3626 995 3723 Long.
1023 3649 1058 3700 2.
1086 3629 1169 3700 Lat.
1199 3631 1259 3700 16.
1740 3664 1753 3676 ·

238 3723 338 3805 Sene
363 3720 539 3828 nequod
565 3727 695 3803 accolae
719 3725 849 3802 Ovedec
869 3727 1083 3821 nominant,
1109 3726 1308 3802 distindliim
1333 3725 1403 3801 hoc
1429 3749 1527 3803 anno
1550 3724 1600 3803 est
1626 3723 1738 3803 aLu-

195 3831 312 3906 sirano
381 3851 581 3907 anzarote.
619 3829 760 3904 Aunae‘
777 3829 1007 3929 appellationi
1032 3827 1259 3905 occasionem
1293 3830 1394 3904 dedit
1418 3831 1539 3928 magni
1576 3829 1741 3905 nominis

194 3936 319 4032 antiopa
342 3937 360 4023 <
385 3930 432 4008 sic
455 3933 548 4033 nigri
572 3933 730 4008 colorem
755 3955 883 4007 vocare
908 3933 1024 4030 placet
1046 3937 1062 4022 )
1086 3933 1235 4007 nomine
1260 3936 1382 4032 Senega
1408 3951 1472 4007 aut
1495 3937 1645 4032 Sanega,
1673 3930 1735 4028 qui

196 4061 218 4110 a
241 4031 418 4110 Lusitano
442 4054 565 4133 captus
591 4037 629 4108 in
653 4033 837 4131 pristinam
872 4033 1075 4108 libertatem
1111 4031 1250 4108 asseruit
1284 4033 1320 4108 se
1343 4039 1439 4128 lytro
1464 4033 1574 4108 dato.
1612 4029 1738 4107 Falsus

196 4158 281 4210 vero
307 4135 418 4210 animi
442 4133 684 4209 Lanzaroteus
711 4137 831 4231 primis
854 4134 1036 4210 obtutibus
1061 4134 1323 4210 existimaverat
1356 4135 1433 4211 Nili
1458 4135 1644 4210 brachium
1674 4132 1738 4208 Se·

192 4236 320 4419 Regale
345 4231 448 4411 ‘iliu
462 4233 506 4310 Id
532 4233 679 4312 tandein
704 4234 802 4333 quod
827 4258 891 4310 nos
916 4235 986 4310 hoc
1014 4260 1110 4312 anno
1122 4290 1134 4331 ,
1162 4237 1223 4311 alii
1250 4256 1377 4314 contra
1417 4235 1612 4339 insequenti
1637 4236 1736 4312 dete·

230 4360 291 4412 uni
320 4355 374 4412 tra
450 4355 505 4413 t»

755 4496 758 4502 .
911 4441 1022 4540 1448.

477 4535 635 4618 Azores‹
657 4542 759 4642 daug.
786 4548 1028 4645 346.-·354.
1055 4549 1135 4622 Lat.
1163 4565 1223 4646 37.
1233 4570 1353 4646 ··-40.
1380 4545 1447 4623 bor.

245 4638 585 4722 commendatarius
608 4643 660 4720 D.
688 4645 870 4723 Gonzalus
906 4647 1012 4725 Vello
1038 4646 1141 4724 solvit
1166 4675 1186 4726 e
1213 4647 1397 4726 Lusitania
1436 4649 1572 4725 Amres
1601 4639 1735 4718 insulan

195 4744 466 4861 exploraturus,
488 4771 565 4846 quie
590 4746 644 4823 ita
661 4748 760 4824 diua
780 4745 861 4825 sunt
887 4777 911 4826 a
927 4751 1140 4846 vulturibus,
1165 4754 1290 4852 quibus
1316 4751 1470 4828 abundat
1485 4749 1608 4847 regio.
1633 4750 1739 4822 azir.

193 4867 402 4920 enimcum
427 4843 599 4947 Hispani,
636 4868 714 4926 tum
747 4849 910 4927 Lusitani
936 4856 1113 4928 vulturem
1141 4873 1348 4953 nuncupant
1374 4909 1383 4928 .
1410 4856 1424 4884 *
1450 4848 1561 4937 Haud
1582 4851 1633 4923 ita
1658 4846 1737 4945 qui·

194 4943 300 5037 dem,
325 4949 522 5024 nonenim
548 4953 689 5044 vultur,
715 4951 774 5026 sed
798 4952 894 5030 falco
918 4978 963 5029 eo
989 4956 1082 5054 apud
1106 4957 1269 5033 laudatos
1293 4959 1448 5032 donatur
1482 4952 1631 5029 nomine
1654 5003 1666 5042 ‚
1692 4966 1735 5023 ut

195 5065 377 5142 propterea
406 5075 426 5123 a
452 5075 540 5133 voce
565 5079 649 5131 azor
673 5054 823 5132 minime
842 5056 984 5134 detorta
1005 5054 1160 5154 azorarse
1187 5059 1401 5137 vocabulum
1426 5049 1734 5152 deriveiuii‘twd

196 5146 500 5244 quemadmodum
520 5151 641 5237 'celeri
676 5151 942 5260 &irrequieta
975 5153 1126 5242 falconis
1157 5183 1296 5243 natura
1318 5157 1577 5259 ‚fignificanda
1606 5175 1764 5333 aptum.
