3856 5678
192 163 247 199 Χ

236 290 313 381 μό
646 273 1229 345 onninarronrs

188 426 280 522 legia
306 442 348 501 ert
374 418 465 491 datis
491 413 628 488 constat
654 411 816 486 nondum
843 405 1033 506 expirasse,
1060 408 1120 483 sed
1146 410 1441 506 prorogationem
1458 407 1598 489 Urbani
1617 407 1725 488 Vlll.

186 519 323 601 durasse
350 538 428 592 toto
456 536 614 615 ternpore
638 541 712 616 quo
738 515 780 589 lis
817 509 1198 610 angelopclitanasub
1221 513 1336 599 indice
1362 507 1454 608 snit,
1492 520 1528 591 bt
1555 511 1635 611 posl
1669 538 1725 588 eas

190 616 407 722 Angelopoll
435 621 537 694 datas
562 620 697 694 litteras
723 615 874 692 restabat
900 615 1016 693 adlruc
1042 615 1087 691 de
1116 611 1253 693 Urbani
1280 616 1444 692 vicennio
1480 616 1643 713 spatium
1665 640 1724 694 na

191 752 272 804 vem
298 721 472 798 menfiutn
496 725 532 801 bt
557 747 603 799 eo
628 719 800 821 amplius.

572 917 1080 1001 ORDINATIO
1142 918 1346 997 cccxlv.

721 1025 831 1098 Anno
851 1029 968 1120 ‹1651-
996 1021 1056 1099 28.
1083 1021 1199 1099 Mart.
1247 1095 1251 1101 .

195 1231 358 1410 PLura
385 1223 574 1303 constituta
600 1223 680 1301 sunt
707 1251 771 1325 pro
797 1225 988 1302 concordia
1015 1228 1108 1301 inter
1132 1223 1272 1300 fratres
1297 1223 1460 1307 Minores
1483 1228 1521 1305 ὰ
1544 1222 1716 1304 Millima

288 1335 358 1409 rios
384 1329 445 1405 sub
471 1329 841 1405 excommunicatione
866 1325 1105 1404 observanda.
1131 1326 1302 1419 Meminit
1328 1324 1359 1421 J.
1387 1328 1428 1408 B„
1454 1324 1598 1405 Pittoni
1623 1335 1713 1418 (a).

193 1430 305 1510 Porti:
333 1433 472 1508 adhoc
513 1452 646 1529 tempus
672 1429 876 1506 &adhoc
913 1451 1161 1527 argumentum
1199 1423 1379 1503 reserenda
1409 1427 1450 1500 srt
1487 1433 1718 1520 declaratio,

196 1539 292 1625 cujus
319 1535 482 1608 meminit
508 1530 557 1607 D.
585 1531 752 1628 josephus
771 1530 968 1605 bernardus
988 1527 1120 1625 Qiros
1145 1527 1212 1618 (l)
1237 1553 1280 1602 ex
1307 1529 1363 1603 fr.
1391 1533 1560 1605 Antonio
1588 1533 1633 1604 de
1652 1530 1722 1627 Spi-

194 1639 266 1713 ritu
292 1637 421 1709 Sansio
448 1638 518 1722 (c)
544 1631 591 1709 src
618 1633 709 1730 apud
736 1632 835 1706 illum
861 1629 1066 1706 scribente:
1100 1633 1168 1703 Hic
1193 1633 1320 1703 modus
1345 1629 1585 1723 defensionis,
1621 1657 1719 1729 quarn

197 1739 365 1815 tuitivam
393 1754 524 1808 vocant
550 1739 614 1824 (1)
640 1735 694 1808 his
719 1731 842 1808 nostris
870 1732 1083 1828 temporibus
1109 1733 1147 1804 in
1172 1731 1341 1806 Romana
1367 1731 1478 1806 Curia
1506 1730 1578 1807 fuit
1607 1758 1722 1831 appro-

195 1841 298 1914 batus
324 1840 360 1911 in
387 1837 517 1925 judicio
544 1836 821 1910 contradisiorio
849 1837 884 1908 in
910 1830 1013 1909 causa
1040 1831 1220 1921 cujusdam
1247 1834 1377 1905 tuitivae
1399 1888 1410 1924 ,
1436 1860 1548 1931 quarn
1587 1832 1720 1908 Fratres

194 1938 390 2019 Provinciae
416 1937 547 2011 Matris
585 1937 657 2012 Dei
684 1939 721 2011 in
747 1933 857 2009 Indiis
891 1935 1119 2010 orientalibus
1155 1934 1389 2031 impetrarunt
1427 1933 1594 2038 adversus
1630 1934 1725 2013 saun

194 2035 488 2116 commissarium
514 2065 577 2135 pro
602 2032 803 2114 defensrone
830 2043 910 2126 (n)
938 2036 1127 2130 creationis
1146 2059 1248 2108 norae
1268 2036 1485 2131 provinca,
1509 2037 1546 2111 in
1570 2060 1644 2134 qm
1667 2060 1726 2112 ca·

198 2138 237 2215 su
260 2141 392 2216 Romae
418 2137 487 2214 fuit
513 2140 740 2230 judicatum,
768 2138 933 2212 tuitivam
968 2133 1067 2211 fuisse
1091 2134 1252 2233 legitime
1288 2138 1521 2234 impetratam
1541 2162 1567 2211 a
1601 2134 1727 2232 Jrutoe

196 2241 351 2317 saectrlati
378 2242 499 2336 Regia
522 2239 701 2332 corona,
726 2240 942 2315 &validam
967 2235 1087 2331 fuisse,
1114 2257 1154 2311 ut
1181 2235 1326 2314 testatur
1352 2239 1409 2313 Fr.
1438 2237 1656 2316 Emmanuel
1677 2237 1721 2313 dc

199 2341 331 2420 Monte
356 2341 492 2420 Oliveti
502 2393 511 2415 .

625 2537 1313 2637 Annonarronnm

251 2750 321 2836 (1)
347 2745 462 2854 Qaana
486 2744 655 2819 tairioaar
673 2759 817 2819 vacam.
842 2737 928 2819 Hoc
946 2739 1157 2820 defensionis
1176 2767 1283 2840 genus
1301 2742 1459 2841 explicat
1479 2738 1723 2821 Praemonllra

202 2844 308 2922 tensis
332 2843 457 2919 Dnval
485 2849 521 2919 in
554 2849 755 2942 kapaſstioae
782 2847 909 2942 Regrda
943 2851 979 2919 S.
1005 2843 1181 2944 Aragtstirra'
1207 2847 1300 2943 apud
1334 2847 1488 2923 eundem
1514 2840 1656 2942 Qtiros
1681 2848 1723 2922 dl

160 3004 179 3011 ”
193 2971 282 3125 sl:
295 2947 525 3122 ‘abssas
543 2949 1117 3123 l‘ffllifflisblimii‘litsil‘
1142 2946 1390 3124 {lisss’
1417 2950 1720 3127 {wls}

201 3075 372 3229 acudirpb
396 3104 561 3248 quien'sc
589 3075 712 3248 zlella,
748 3149 858 3246 yhai
893 3153 1026 3248 peligro
1049 3173 1096 3223 en
1119 3074 1155 3226 la
1195 3104 1361 3228 tarda’nza
1374 3076 1513 3246 fquno
1546 3151 1612 3226 bai
1650 3174 1716 3226 otro

203 3252 364 3331 remedio
392 3277 475 3348 para
502 3252 668 3327 desbacer
693 3254 729 3327 la
768 3253 927 3345 injuria,
953 3251 1064 3349 puede
1099 3254 1132 3325 el
1157 3253 1321 3350 religioso
1348 3252 1472 3329 acudir
1497 3254 1537 3328 al
1573 3252 1717 3349 Principe

201 3352 337 3432 seculae
361 3351 386 3427 b
411 3358 431 3428 a
457 3349 497 3429 su
520 3352 674 3442 Conseio
699 3352 724 3426 b
758 3353 1000 3428 Chaucilleria
1026 3378 1077 3427 no
1102 3377 1166 3449 por
1202 3357 1258 3429 via
1282 3357 1328 3428 ale
1355 3357 1544 3452 apelacion
1576 3355 1716 3430 oomni

199 3452 285 3555 Juez
310 3474 560 3547 competente,
588 3451 663 3528 srno
690 3479 841 3551 paraque
866 3456 900 3528 le
928 3479 1071 3551 ampare
1096 3455 1269 3553 quitando
1305 3459 1338 3530 el
1364 3459 1512 3554 agrario
1538 3483 1562 3551 y
1602 3458 1715 3531 vinea

185 3558 286 3646 cia,
310 3552 544 3628 mandado'o
580 3555 833 3650 persuadicndo
868 3558 902 3629 al
928 3558 1071 3650 prelado
1107 3580 1174 3654 que
1199 3554 1322 3633 desslla
1359 3557 1478 3656 bque
1506 3552 1656 3657 otbtgue
1682 3556 1715 3629 la

204 3655 413 3754 apelacion.
440 3648 474 3726 Y
501 3677 565 3749 por
589 3653 657 3728 elle
684 3652 822 3728 recurso
848 3680 897 3731 no
921 3654 955 3729 se
982 3657 1118 3731 incurre
1144 3657 1341 3733 censuras>
1364 3682 1457 3756 pena
1479 3662 1627 3761 algua.

256 3759 336 3845 (n)
361 3755 549 3831 creationis
573 3782 664 3831 nova
684 3757 883 3854 pravitate.
911 3756 994 3854 Qta
1020 3759 1158 3835 ratione
1183 3757 1313 3858 spetlat
1339 3759 1385 3834 ad
1420 3760 1582 3859 Regiam
1610 3756 1721 3836 Prote·

203 3854 356 3937 &ionem
406 3881 573 3931 ravamen
612 3860 752 3933 illatum
780 3884 976 3952 amovere,
1015 3865 1050 3937 br
1074 3860 1202 3958 spereat
1229 3863 1409 3958 providere
1447 3887 1497 3938 ne
1521 3860 1724 3938 inferatur·

199 3954 360 4059 Ideoque
380 3881 477 4053 luris
504 3956 618 4033 lndici
646 3959 795 4055 Hispani
822 3963 878 4036 lex
903 3960 952 4036 est
977 3962 1075 4052 (d),
1102 3982 1141 4038 ut
1167 3965 1293 4039 litterae
1318 3984 1481 4061 patentes
1506 3961 1729 4041 rifatatorun

201 4062 421 4158 regularium
447 4061 688 4138 examinandae
714 4059 783 4138 sint
810 4064 846 4138 in
871 4065 989 4160 Regio
1012 4064 1169 4157 Senatu,
1194 4065 1282 4142 dum
1308 4068 1495 4151 continent
1518 4063 1731 4143 facultatem

205 4164 352 4242 creandi
376 4188 510 4237 noram
536 4163 777 4257 prouinciam,
802 4187 864 4241 aut
890 4165 1018 4239 similes
1053 4170 1352 4244 extraordinarias
1372 4169 1422 4243 ad
1456 4188 1650 4245 externam
1671 4189 1732 4265 gra·

197 4260 451 4340 bernarionem
478 4265 706 4356 pertinentes.
732 4265 836 4341 Dum
859 4267 942 4340 verb
966 4268 1191 4366 excipiuntur
1218 4271 1289 4364 ibi,
1314 4276 1351 4347 bt
1377 4267 1450 4345 sane
1470 4273 1636 4346 examine
1653 4274 1732 4362 pes·

204 4364 398 4442 mittuntur
433 4361 621 4440 facultates
657 4367 705 4442 ad
740 4365 1006 4445 reformandam
1034 4372 1211 4446 interioria
1247 4370 1438 4471 disciplinae
1469 4366 1735 4449 observantiam

201 4464 402 4558 ordinata,
429 4467 516 4544 illud
541 4465 737 4567 fignifieare
762 4470 900 4545 videtur
936 4471 1219 4570 pmdenriffimus
1253 4474 1430 4565 Senatus,
1465 4498 1546 4550 non
1567 4467 1735 4569 expedire

205 4569 243 4645 in
269 4564 439 4659 eiussttodi
464 4565 790 4651 reformationis&
813 4575 1041 4650 coercitionis
1066 4578 1282 4671 reginarium
1307 4575 1420 4653 causis
1447 4578 1494 4653 ad
1518 4574 1655 4655 Cariae
1677 4569 1736 4647 sar·

1620 4676 1696 4752 culi

244 4930 302 5001 (³)
323 4936 394 4996 Pt'tr·
413 4941 468 4999 CC·
487 4942 529 5003 aa
547 4943 777 5012 Rmalnaeoat·
818 4944 874 5016 (b)
894 4947 1018 5025 ξείνω.
1037 4947 1126 5014 opere
1146 4950 1215 5020 inse.
1233 4950 1336 5009 Nuero
1354 4951 1521 5019 Panem,
1535 4948 1608 5022 sa·
1630 4967 1662 5007 n·
1676 4966 1721 5005 aa·

246 5007 298 5083 (c)
319 5016 394 5075 nar.
413 5019 464 5081 aa}
481 5021 547 5093 Esp.
567 5023 598 5078 S·
614 5021 681 5081 uir.
699 5022 767 5096 llar-
784 5039 825 5084 aa.
837 5026 1020 5096 μαψ.
1058 5024 1119 5097 (d)
1140 5027 1206 5089 Lib.
1220 5029 1459 5100 ruriaciam·-
1480 5025 1639 5093 Rae-M
