3864 5686
376 331 458 418 364
814 319 1398 403 Onniittriorirs

326 468 386 556 le,
411 459 507 559 presa
533 457 627 535 fisoti
653 460 809 539 dell’ora
833 463 928 539 della
964 469 1134 541 rilezione
1156 467 1267 564 gualli
1304 468 1330 542 il
1355 465 1526 566 digium,
1562 454 1774 557 sollenendo
1800 462 1865 571 ,aig

326 565 409 641 cittii
436 563 470 635 la
496 560 659 639 sentema
684 568 867 666 negarim
893 565 1017 645 Subdit
1042 568 1232 662 Concina'3
1259 569 1343 651 hinc¹
1367 567 1548 645 evidenter
1575 564 1718 659 inferri¹
1753 578 1866 659 caste-

326 688 389 742 ros
411 668 649 743 communiter
675 668 863 769 theologos
882 671 1101 746 contrariam
1124 671 1336 748 sententiam
1363 669 1615 749 affirmativam
1637 664 1873 743 tenetesEx

327 788 373 841 co
399 789 525 864 nempe
549 771 646 868 quod
670 768 878 847 Benedidlus
903 773 1032 866 dicat,
1070 775 1209 874 aliquos
1229 772 1394 850 sustinere
1419 771 1659 874 negativam',
1686 773 1766 845 vult
1802 768 1871 845 hic

330 867 466 944 author.
485 871 666 947 evidenter
691 875 868 966 illatum,
904 877 1058 975 reliquos
1083 877 1280 952 affirmare.
1318 875 1389 952 Sed
1414 875 1516 968 hujus
1541 873 1721 950 illationis
1745 880 1874 971 neque

321 970 508 1047 evidentia
521 1027 536 1064 ,
558 998 672 1074 neque
696 977 889 1067 reditudo,
915 1001 1028 1076 neque
1053 1001 1146 1054 nexu
1170 981 1262 1054 ullus
1287 997 1453 1077 apparet,
1480 1000 1564 1093 cupi
1588 972 1716 1074 poilint
1754 972 1874 1083 aliqui

330 1094 484 1170 negare,
509 1076 615 1176 aliqui
640 1075 701 1153 scu
726 1081 859 1175 plures,
885 1078 944 1154 seu
971 1081 1151 1179 pauciores
1178 1080 1378 1172 affirmare,
1415 1079 1601 1176 &reliqui
1638 1074 1801 1173 theologi
1825 1088 1873 1151 iit

330 1175 377 1250 in.
397 1201 434 1249 re
461 1202 582 1270 nova,
604 1202 669 1252 nec
697 1181 742 1253 ab
765 1179 1113 1277 omnibusnaiiata,
1139 1205 1204 1256 nec
1232 1180 1410 1258 affirmate
1434 1204 1499 1256 nec
1526 1202 1681 1279 negare,
1701 1174 1765 1253 sed
1781 1194 1874 1255 con·

331 1276 541 1353 troversiam
567 1285 866 1378 praetermittere,
904 1276 959 1357 vel
975 1286 1104 1359 relatis
1141 1285 1331 1360 authorum
1358 1284 1499 1381 placitis
1531 1277 1726 1357 indecisam
1762 1276 1874 1355 relin-

333 1402 463 1476 quere,
487 1384 584 1481 quod
609 1384 723 1457 modii
748 1378 921 1477 facimus,
947 1389 985 1462 di
1004 1382 1092 1461 iecit
1117 1389 1200 1462 loco
1226 1389 1340 1462 citato
1358 1384 1564 1460 Benedieus
1590 1386 1664 1474 (a)
1688 1380 1876 1473 dumait,

334 1478 470 1556 nescias
495 1508 542 1558 an
567 1485 653 1582 pure
677 1487 937 1584 permittendo,
964 1513 1011 1562 an
1037 1489 1286 1587 approbando.-
1309 1490 1352 1562 Sr‘
1374 1487 1535 1561 cammiai
1558 1508 1644 1583 pute
1674 1482 1772 1559 colla
1792 1480 1876 1583 opif

279 1678 284 1688 Ι
335 1583 443 1659 trione
469 1583 529 1684 piu
554 1585 705 1684 benigna
732 1588 797 1662 che
823 1590 849 1663 il
874 1589 952 1664 bere
978 1591 1003 1664 il
1030 1591 1206 1667 ciocolate
1231 1616 1305 1667 non
1333 1588 1446 1688 guasti
1472 1587 1686 1689 ildigiuno.
1712 1574 1786 1687 Ma
1810 1580 1877 1659 chi

338 1687 442 1788 porra
466 1686 601 1764 scusare
627 1692 722 1765 dalla
750 1693 854 1788 colpa
879 1693 1209 1789 d'intemperanza,
1233 1717 1253 1766 e
1280 1688 1374 1767 sorse
1397 1690 1510 1766 anche
1535 1689 1631 1764 dalla
1656 1682 1887 1786 trasgrcffiok

337 1811 384 1863 ne
408 1789 466 1863 del
490 1790 637 1889 digiuno
662 1790 720 1865 elii
746 1817 791 1866 ne
816 1791 996 1891 prendeiie
1016 1820 1088 1870 una
1114 1814 1212 1869 tazza
1239 1792 1325 1869 allai
1348 1791 1411 1891 pili
1433 1791 1565 1891 grande
1590 1789 1649 1866 del
1667 1788 1812 1887 fhiirt'iij
1843 1856 1846 1861 .

391 1890 512 1988 Aliqui
550 1895 662 1968 etiam
699 1891 861 1993 theologi
899 1895 971 1972 hoc
1011 1916 1257 1995 argumentum
1278 1893 1475 1977 ‘versantes
1510 1892 1737 1999 sententiam
1756 1908 1892 1991 ¹neque

340 1991 591 2084 affirmando,
627 1997 739 2093 neque
776 1998 945 2094 negando
980 1995 1136 2073 absolute
1161 1995 1365 2097 proferunt,
1392 1993 1451 2071 scd
1477 2020 1560 2070 cum
1596 1992 1886 2093 limitaiiombus

341 2096 461 2193 quales
485 2093 591 2170 habet
613 2093 656 2172 P.
683 2097 848 2172 Thomas
883 2098 965 2174 Pius
990 2097 1160 2174 Millante
1196 2100 1245 2174 Ο.
1270 2097 1334 2189 P„
1357 2103 1394 2176 de
1428 2096 1497 2196 ipse
1532 2090 1835 2197 anriprobabllista
1865 2145 1882 2186 ,

342 2195 440 2284 cujus
466 2195 570 2270 rerba
597 2197 690 2294 apud
714 2195 918 2274 Concinam
944 2199 1058 2276 sunt:
1093 2202 1242 2294 Affitere
1266 2202 1418 2274 omnino
1457 2194 1638 2275 adversam
1672 2194 1899 2271 esurialibus

342 2297 464 2373 diebus
488 2298 686 2374 cocholatae
709 2302 931 2399 potionem,
967 2298 1017 2377 est
1055 2327 1198 2398 carpere
1232 2304 1328 2378 uiros
1352 2301 1420 2400 quii
1456 2301 1615 2376 dodrina
1641 2325 1712 2402 qua
1747 2296 1885 2399 pietate

342 2396 521 2496 insignes,
548 2401 607 2496 qui
645 2400 706 2475 illa
732 2401 839 2476 hodie
878 2400 953 2479 fine
988 2405 1152 2502 scrupulo
1177 2423 1327 2479 uruntur
1350 2459 1367 2496 ,,
1389 2403 1532 2506 aliisque
1569 2422 1610 2478 ut
1635 2400 1777 2477 licitam
1803 2396 1879 2475 sua·

345 2502 453 2575 dent:
480 2501 668 2597 prael'ertim
693 2527 775 2578 cum
802 2504 979 2579 innumeri
1004 2530 1048 2581 ex
1073 2505 1114 2578 iis
1139 2502 1208 2579 sint
1233 2505 1253 2580 ὲ
1279 2526 1378 2585 σιειιι,
1399 2530 1543 2596 eorum,
1570 2500 1633 2603 qui
1654 2500 1884 2580 nobiliori&

205 2670 209 2675 .
330 2603 544 2702 'purgatiori
569 2601 778 2703 Theologiae
804 2629 950 2702 operam
975 2626 1128 2682 navant.
1143 2660 1176 2677 ..
1203 2607 1302 2683 Dico
1328 2609 1438 2707 igitur
1459 2607 1526 2682 effe
1552 2600 1714 2681 absolute¹
1743 2602 1888 2679 licitam

347 2707 387 2779 in
410 2704 594 2778 moderata
621 2700 845 2803 sesquiunciae
869 2709 1091 2806 quantitate,
1119 2710 1200 2807 quia
1221 2711 1380 2809 paruitas
1405 2710 1564 2786 materi'ae
1585 2730 1630 2784 ex
1653 2702 1885 2781 consuetudi·

235 2896 241 2905 Ι
348 2829 394 2881 ne
421 2805 618 2880 introduila
645 2811 680 2882 di
706 2806 858 2882 toleraia
887 2808 930 2882 ab
955 2807 1112 2885 Ecclesia
1138 2813 1290 2886 omnino
1315 2809 1455 2886 excusat
1483 2811 1648 2907 hulpa,
1674 2807 1761 2880 licet
1790 2802 1894 2882 exst

283 2968 289 2975 .
351 2904 477 3002 ¹absque
503 2906 565 2983 tali
593 2908 814 3004 permissione
840 2934 915 2984 noti
939 2911 1213 2987 excusaret....
1239 2911 1315 3010 Qu
1374 2912 1425 2988 ost
1449 2933 1592 3011 epotam
1623 2904 1896 3009 sesquiuncfam

348 3009 463 3185 ²alizam
495 3010 681 3106 propinare
719 3013 822 3088 uellet
843 3067 858 3109 ,Ι
891 3033 1055 3114 peccaret-
1087 3016 1305 3093 venialitei.
1339 2940 1412 3117 ἇιιῐ
1449 3012 1554 3096 tertio
1587 3008 1759 3103 iaceret,
1795 3034 1907 3095 mor«

415 3125 490 3185 ier.

404 3210 584 3289 Authores
608 3219 668 3316 qui
694 3216 893 3296 citocolarae
929 3215 1033 3299 usum
1071 3224 1108 3297 in
1133 3223 1267 3312 ieiuniis
1293 3224 1444 3327 omnino
1478 3222 1678 3311 damnant,
1715 3239 1760 3290 ea
1785 3208 1894 3290 forte

351 3315 515 3390 nituntur
539 3321 732 3415 opinione,
758 3348 825 3422 qua
853 3320 914 3398 sibi
942 3346 1003 3399 aut
1031 3325 1109 3399 aliis
1143 3323 1347 3422 persuadere
1372 3327 1520 3419 volttnt,
1547 3318 1721 3397 lconstare
1755 3316 1798 3391 ti
1818 3340 1887 3389 nu·

352 3418 485 3492 triendi
509 3442 592 3494 vcro
618 3421 772 3510 majore.
799 3425 973 3523 Ephraim
997 3425 1193 3500 Chambers
1219 3427 1291 3517 (b)
1317 3428 1392 3502 ait:
1421 3427 1546 3502 Alcuni
1570 3422 1597 3497 si
1623 3421 1712 3497 sono
1741 3414 1893 3493 sinuati
1906 3430 1923 3502 ,ἰ

353 3518 392 3591 di
418 3515 614 3613 mostrare,
639 3522 706 3598 che
730 3527 765 3601 vi
790 3524 813 3601 ὲ
837 3527 907 3623 pili·
923 3528 1010 3623 sugo
1035 3529 1190 3602 nutritio
1217 3529 1253 3602 i‘n
1278 3553 1350 3607 ima
1377 3530 1483 3603 oncia
1510 3528 1548 3604 di
1573 3547 1685 3600 cacao
1708 3576 1729 3615 ,,
1746 3519 1814 3593 che
1848 3518 1923 3610 im

354 3644 427 3695 una
453 3618 541 3696 libra
567 3624 602 3697 di
628 3649 733 3700 carne
758 3628 795 3701 di
821 3627 888 3702 bue
914 3652 936 3702 e
958 3630 996 3703 di
1022 3628 1185 3717 edituro.
1213 3628 1259 3705 Et
1288 3632 1325 3705 in
1351 3631 1544 3710 Relatione
1570 3650 1648 3727 quae
1668 3619 1923 3719 commiliroq

354 3720 394 3794 ni
421 3722 563 3799 cuidam
588 3725 724 3805 Mexici
762 3728 990 3804 debellatoris
1023 3729 1178 3807 Cortesii
1204 3731 1414 3809 adscribitur
1450 3735 1520 3822 (c),
1545 3728 1747 3804 chocolatae
1775 3721 1923 3829 tiitQ

356 3820 404 3896 sic
429 3848 661 3924 exaggeratur
672 3860 689 3905 :·
709 3828 768 3918 Eis
790 3833 890 3931 potio
913 3833 1078 3908 omniurn
1106 3839 1141 3912 di
1166 3836 1343 3932 liquorum
1368 3840 1404 3912 dt
1429 3835 1615 3925 ciborum,
1646 3843 1827 3928 quotquot
1859 3830 1923 3929 ἢ

355 3924 441 4000 orbe
468 3931 777 4026 mosonium,
804 3933 1002 4029 sanissima,
1029 3942 1065 4014 di
1088 3936 1404 4029 sticcnlentiffima‚
1431 3935 1528 4029 cujus
1554 3931 1683 4033 siquis
1710 3948 1905 4029 manspo.

357 4029 483 4105 cillum
505 4031 623 4125 bibat,
659 4038 790 4132 poterit
817 4059 1022 4134 petrocum
1058 4041 1152 4115 diem
1178 4041 1304 4114 extera
1330 4037 1496 4141 impastus
1521 4038 1616 4114 viam
1655 4054 1784 4132 agerer
1798 4036 1895 4204 ph.

207 4132 216 4139 ’
357 4126 490 4228 statque
517 4135 609 4207 illius
634 4135 715 4209 usus
739 4156 906 4233 ternpore
924 4141 1065 4233 calido,
1091 4142 1218 4240 quippe
1235 4167 1314 4241 quae
1338 4141 1459 4241 suapte
1485 4159 1615 4216 natura
1640 4133 1694 4242 est
1709 4130 1802 4233 fligi
1827 4134 1889 4210 ‘ii'-

411 4233 538 4309 Veriiu
561 4237 713 4333 explieat
740 4236 937 4316 diocolatae
961 4246 1035 4318 vini
1060 4247 1097 4320 dt
1121 4262 1289 4319 naturam
1326 4247 1408 4320 loco
1434 4244 1547 4318 citato
1571 4237 1775 4316 Chamhers
1804 4234 1886 4311 dim

252 4429 257 4440 ι
358 4334 433 4408 ait:
457 4336 494 4408 Et
508 4333 650 4422 Rimata
674 4362 750 4413 non
771 4335 855 4415 solo
874 4366 927 4417 un
950 4344 1031 4419 cibo
1053 4347 1267 4438 eccellenie,
1294 4372 1354 4424 ma
1383 4346 1495 4422 anche
1531 4366 1606 4420 una
1628 4341 1751 4417 buona
1782 4336 1897 4413 modi·-

360 4435 464 4528 cina,
490 4439 535 4511 ed
561 4439 704 4516 almeno
729 4466 777 4517 un
803 4441 897 4518 buon
923 4447 1061 4519 vittoa
1086 4448 1183 4522 dieta
1209 4472 1271 4547 per
1297 4450 1450 4525 cecitate
1475 4473 1495 4522 e
1521 4442 1729 4522 conservare
1756 4440 1784 4514 il
1806 4462 1881 4515 mo

359 4542 494 4615 eierato-
509 4541 629 4618 erlore
653 4543 748 4618 dello
773 4544 939 4621 stomaco
960 4549 1006 4621 ed
1030 4547 1165 4637 aiutare
1191 4550 1227 4624 la
1251 4550 1438 4651 digestione.
1466 4550 1515 4625 Et
1542 4538 1880 4623 LucanenlihiisNo·
1920 4588 1922 4615 .

356 4641 527 4720 uiscitca
553 4649 1244 4751 annunt175opublicerumeilopus
1266 4653 1317 4729 D.
1344 4650 1524 4729 Francisci·
1547 4646 1726 4726 Rerna'rdi
1754 4642 1872 4763 lisga·

420 4802 426 4813 ι
1793 4768 1843 4839 ²¹>

356 4870 1878 4909 maa-mm

391 4973 456 5098 ¹ina.)
477 5005 553 5066 ibid.
571 5030 648 5079 nun.
661 5034 719 5070 so.
766 5010 829 5084 (b)
846 5012 963 5075 cla-b.
984 5017 1052 5083 uti„
1067 5019 1110 5101 V.
1127 5020 1291 5083 Ci'ocolitta'.
1364 5023 1423 5095 (c)
1438 5022 1543 5085 neiat.
1561 5018 1644 5083 ielis
1663 5010 1754 5103 (Ῐῖμὸ
1767 5012 1817 5085 δεῖ
1829 5006 1884 5079 ft·

357 5092 482 5153 utilitati
504 5087 639 5156 (Mettica
650 5090 664 5161 l
677 5093 761 5167 [atra
776 5108 829 5158 rtet
848 5094 1122 5161 mGtucr'lbnm
1134 5100 1188 5163 de!-
1201 5104 1252 5162 Su·
1265 5104 1300 5165 st
1319 5100 1435 5173 cruet.
1714 5114 1718 5121 ·
1836 5108 1841 5115 '
