<?xml version="1.0" encoding="UTF-8"?>
<!DOCTYPE html PUBLIC "-//W3C//DTD XHTML 1.0 Transitional//EN"
    "http://www.w3.org/TR/xhtml1/DTD/xhtml1-transitional.dtd">
<html xmlns="http://www.w3.org/1999/xhtml" xml:lang="en" lang="en">
 <head>
  <title>
</title>
<meta http-equiv="Content-Type" content="text/html;charset=utf-8" />
  <meta name='ocr-system' content='tesseract 3.04.00' />
  <meta name='ocr-capabilities' content='ocr_page ocr_carea ocr_par ocr_line ocrx_word'/>
</head>
<body>
  <div class='ocr_page' id='page_1' title='image "./fastinoviorbise00moregoog_0022.png"; bbox 0 0 3864 5686; ppageno 0'>
   <div class='ocr_carea' id='block_1_1' title="bbox 495 303 1558 448">
    <p class='ocr_par' dir='ltr' id='par_1_1' title="bbox 495 303 1558 448">
     <span class='ocr_line' id='line_1_1' title="bbox 495 303 1558 448; baseline 0.001 -30"><span class='ocrx_word' id='word_1_1' title='bbox 495 303 497 306; x_wconf 64' lang='grc'><strong>’</strong></span> <span class='ocrx_word' id='word_1_2' title='bbox 593 335 1090 419; x_wconf 76' lang='lat' dir='ltr'>Novronarr.</span> <span class='ocrx_word' id='word_1_3' title='bbox 1529 376 1558 448; x_wconf 68' lang='lat'><em>9</em></span> 
     </span>
    </p>
   </div>
   <div class='ocr_carea' id='block_1_2' title="bbox 65 470 1658 997">
    <p class='ocr_par' dir='ltr' id='par_1_2' title="bbox 65 470 1658 997">
     <span class='ocr_line' id='line_1_2' title="bbox 67 470 1598 584; baseline 0.003 -18"><span class='ocrx_word' id='word_1_4' title='bbox 67 498 241 583; x_wconf 75' lang='lat' dir='ltr'>nagnam</span> <span class='ocrx_word' id='word_1_5' title='bbox 262 497 366 561; x_wconf 65' lang='lat' dir='ltr'>tetra</span> <span class='ocrx_word' id='word_1_6' title='bbox 387 475 548 574; x_wconf 89' lang='lat' dir='ltr'>molem,</span> <span class='ocrx_word' id='word_1_7' title='bbox 573 503 682 580; x_wconf 89' lang='lat' dir='ltr'>quam</span> <span class='ocrx_word' id='word_1_8' title='bbox 707 470 860 559; x_wconf 84' lang='lat' dir='ltr'>insulam</span> <span class='ocrx_word' id='word_1_9' title='bbox 884 480 1039 562; x_wconf 73' lang='lat' dir='ltr'>sanctam</span> <span class='ocrx_word' id='word_1_10' title='bbox 1067 485 1253 584; x_wconf 86' lang='lat' dir='ltr'>appellavit</span> <span class='ocrx_word' id='word_1_11' title='bbox 1285 485 1427 567; x_wconf 87' lang='lat' dir='ltr'>subito.</span> <span class='ocrx_word' id='word_1_12' title='bbox 1464 489 1598 571; x_wconf 83' lang='lat' dir='ltr'>verum</span> 
     </span>
     <span class='ocr_line' id='line_1_3' title="bbox 69 583 1608 688; baseline 0.003 -20"><span class='ocrx_word' id='word_1_13' title='bbox 69 614 142 668; x_wconf 88' lang='lat' dir='ltr'>uon</span> <span class='ocrx_word' id='word_1_14' title='bbox 166 590 231 664; x_wconf 92' lang='lat' dir='ltr'>diu</span> <span class='ocrx_word' id='word_1_15' title='bbox 255 585 331 687; x_wconf 89' lang='lat' dir='ltr'>post</span> <span class='ocrx_word' id='word_1_16' title='bbox 357 606 566 685; x_wconf 90' lang='lat' dir='ltr'>comperto,</span> <span class='ocrx_word' id='word_1_17' title='bbox 593 585 840 662; x_wconf 85' lang='lat' dir='ltr'>continentem</span> <span class='ocrx_word' id='word_1_18' title='bbox 864 583 955 681; x_wconf 78' lang='lat' dir='ltr'>elle,</span> <span class='ocrx_word' id='word_1_19' title='bbox 982 613 1090 687; x_wconf 88' lang='lat' dir='ltr'>quam</span> <span class='ocrx_word' id='word_1_20' title='bbox 1117 586 1270 665; x_wconf 89' lang='lat' dir='ltr'>insulam</span> <span class='ocrx_word' id='word_1_21' title='bbox 1288 593 1506 688; x_wconf 80' lang='lat' dir='ltr'>crediderat,</span> <span class='ocrx_word' id='word_1_22' title='bbox 1531 622 1608 673; x_wconf 87' lang='lat' dir='ltr'>ma·</span> 
     </span>
     <span class='ocr_line' id='line_1_4' title="bbox 67 686 1607 794; baseline 0.005 -25"><span class='ocrx_word' id='word_1_23' title='bbox 67 695 189 769; x_wconf 80' lang='lat' dir='ltr'>citima</span> <span class='ocrx_word' id='word_1_24' title='bbox 215 716 281 769; x_wconf 92' lang='lat' dir='ltr'>ora</span> <span class='ocrx_word' id='word_1_25' title='bbox 306 714 415 789; x_wconf 90' lang='lat' dir='ltr'>quam</span> <span class='ocrx_word' id='word_1_26' title='bbox 450 690 548 765; x_wconf 91' lang='lat' dir='ltr'>notis</span> <span class='ocrx_word' id='word_1_27' title='bbox 572 688 725 775; x_wconf 80' lang='lat' dir='ltr'>nauticis</span> <span class='ocrx_word' id='word_1_28' title='bbox 760 686 1006 785; x_wconf 77' lang='lat' dir='ltr'>describebat,</span> <span class='ocrx_word' id='word_1_29' title='bbox 1033 695 1180 792; x_wconf 87' lang='lat' dir='ltr'>vulgato</span> <span class='ocrx_word' id='word_1_30' title='bbox 1206 694 1299 791; x_wconf 90' lang='lat' dir='ltr'>apud</span> <span class='ocrx_word' id='word_1_31' title='bbox 1336 695 1518 794; x_wconf 82' lang='lat' dir='ltr'>indigenas</span> <span class='ocrx_word' id='word_1_32' title='bbox 1542 725 1607 777; x_wconf 89' lang='lat' dir='ltr'>no·</span> 
     </span>
     <span class='ocr_line' id='line_1_5' title="bbox 69 792 1611 894; baseline 0.005 -21"><span class='ocrx_word' id='word_1_33' title='bbox 69 796 212 873; x_wconf 83' lang='lat' dir='ltr'>minen</span> <span class='ocrx_word' id='word_1_34' title='bbox 282 793 362 868; x_wconf 89' lang='lat' dir='ltr'>llari</span> <span class='ocrx_word' id='word_1_35' title='bbox 388 792 490 889; x_wconf 79' lang='lat' dir='ltr'>capit</span> <span class='ocrx_word' id='word_1_36' title='bbox 514 795 658 867; x_wconf 80' lang='lat' dir='ltr'>Parra:</span> <span class='ocrx_word' id='word_1_37' title='bbox 694 816 802 891; x_wconf 90' lang='lat' dir='ltr'>quam</span> <span class='ocrx_word' id='word_1_38' title='bbox 831 814 952 868; x_wconf 88' lang='lat' dir='ltr'>tamen</span> <span class='ocrx_word' id='word_1_39' title='bbox 987 797 1106 891; x_wconf 87' lang='lat' dir='ltr'><strong>paucis</strong></span> <span class='ocrx_word' id='word_1_40' title='bbox 1138 794 1215 894; x_wconf 91' lang='lat' dir='ltr'>post</span> <span class='ocrx_word' id='word_1_41' title='bbox 1248 795 1393 889; x_wconf 88' lang='lat' dir='ltr'>diebus,</span> <span class='ocrx_word' id='word_1_42' title='bbox 1426 823 1511 874; x_wconf 91' lang='lat' dir='ltr'>cum</span> <span class='ocrx_word' id='word_1_43' title='bbox 1534 827 1611 880; x_wconf 88' lang='lat' dir='ltr'>ma·</span> 
     </span>
     <span class='ocr_line' id='line_1_6' title="bbox 65 819 1658 997; baseline 0.004 -22"><span class='ocrx_word' id='word_1_44' title='bbox 65 922 178 997; x_wconf 78' lang='lat' dir='ltr'>gnum</span> <span class='ocrx_word' id='word_1_45' title='bbox 202 819 356 973; x_wconf 66' lang='lat' dir='ltr'>llllioet</span> <span class='ocrx_word' id='word_1_46' title='bbox 391 891 570 994; x_wconf 84' lang='lat' dir='ltr'>naufragii</span> <span class='ocrx_word' id='word_1_47' title='bbox 604 892 790 972; x_wconf 85' lang='lat' dir='ltr'>discrimen</span> <span class='ocrx_word' id='word_1_48' title='bbox 827 896 873 971; x_wconf 92' lang='lat' dir='ltr'>ad</span> <span class='ocrx_word' id='word_1_49' title='bbox 899 915 1036 976; x_wconf 89' lang='lat' dir='ltr'>certum</span> <span class='ocrx_word' id='word_1_50' title='bbox 1071 895 1231 975; x_wconf 86' lang='lat' dir='ltr'>Orenoci</span> <span class='ocrx_word' id='word_1_51' title='bbox 1265 897 1431 992; x_wconf 89' lang='lat' dir='ltr'>ostium,</span> <span class='ocrx_word' id='word_1_52' title='bbox 1455 905 1610 982; x_wconf 82' lang='lat' dir='ltr'>eandem</span> <span class='ocrx_word' id='word_1_53' title='bbox 1654 948 1658 952; x_wconf 95' lang='lat'>·</span> 
     </span>
    </p>
   </div>
   <div class='ocr_carea' id='block_1_3' title="bbox 66 996 1612 1305">
    <p class='ocr_par' dir='ltr' id='par_1_3' title="bbox 66 996 1612 1305">
     <span class='ocr_line' id='line_1_7' title="bbox 69 996 1610 1100; baseline 0.004 -25"><span class='ocrx_word' id='word_1_54' title='bbox 69 1001 272 1077; x_wconf 85' lang='lat' dir='ltr'>nominavit</span> <span class='ocrx_word' id='word_1_55' title='bbox 297 999 461 1073; x_wconf 82' lang='lat' dir='ltr'><em>Draconis</em></span> <span class='ocrx_word' id='word_1_56' title='bbox 485 998 650 1074; x_wconf 84' lang='lat' dir='ltr'>buccam.</span> <span class='ocrx_word' id='word_1_57' title='bbox 690 996 789 1073; x_wconf 87' lang='lat' dir='ltr'>Hinc</span> <span class='ocrx_word' id='word_1_58' title='bbox 814 1000 891 1074; x_wconf 89' lang='lat' dir='ltr'>vela</span> <span class='ocrx_word' id='word_1_59' title='bbox 916 996 1002 1075; x_wconf 87' lang='lat' dir='ltr'>fecit</span> <span class='ocrx_word' id='word_1_60' title='bbox 1029 998 1144 1076; x_wconf 84' lang='lat' dir='ltr'>versus</span> <span class='ocrx_word' id='word_1_61' title='bbox 1169 998 1332 1076; x_wconf 90' lang='lat' dir='ltr'>sinuma</span> <span class='ocrx_word' id='word_1_62' title='bbox 1369 1004 1610 1100; x_wconf 73' lang='lat' dir='ltr'>margaritis,</span> 
     </span>
     <span class='ocr_line' id='line_1_8' title="bbox 66 1100 1611 1200; baseline 0.003 -22"><span class='ocrx_word' id='word_1_63' title='bbox 66 1103 177 1200; x_wconf 86' lang='lat' dir='ltr'>vulgo</span> <span class='ocrx_word' id='word_1_64' title='bbox 200 1100 297 1195; x_wconf 84' lang='lat' dir='ltr'>Golso</span> <span class='ocrx_word' id='word_1_65' title='bbox 321 1100 359 1174; x_wconf 80' lang='lat' dir='ltr'>de</span> <span class='ocrx_word' id='word_1_66' title='bbox 383 1103 436 1177; x_wconf 80' lang='lat' dir='ltr'>sar</span> <span class='ocrx_word' id='word_1_67' title='bbox 453 1104 597 1197; x_wconf 82' lang='lat' dir='ltr'>persas:</span> <span class='ocrx_word' id='word_1_68' title='bbox 636 1125 708 1197; x_wconf 91' lang='lat' dir='ltr'>quo</span> <span class='ocrx_word' id='word_1_69' title='bbox 743 1100 781 1174; x_wconf 88' lang='lat' dir='ltr'>in</span> <span class='ocrx_word' id='word_1_70' title='bbox 805 1101 931 1177; x_wconf 90' lang='lat' dir='ltr'>itinere</span> <span class='ocrx_word' id='word_1_71' title='bbox 966 1103 1085 1177; x_wconf 88' lang='lat' dir='ltr'>obvias</span> <span class='ocrx_word' id='word_1_72' title='bbox 1109 1102 1234 1180; x_wconf 88' lang='lat' dir='ltr'>habuit</span> <span class='ocrx_word' id='word_1_73' title='bbox 1262 1125 1331 1179; x_wconf 81' lang='lat' dir='ltr'>tres</span> <span class='ocrx_word' id='word_1_74' title='bbox 1366 1103 1529 1198; x_wconf 83' lang='lat' dir='ltr'>insulas,</span> <span class='ocrx_word' id='word_1_75' title='bbox 1567 1131 1611 1183; x_wconf 82' lang='lat' dir='ltr'>ex</span> 
     </span>
     <span class='ocr_line' id='line_1_9' title="bbox 70 1198 1612 1305; baseline 0.003 -25"><span class='ocrx_word' id='word_1_76' title='bbox 70 1206 192 1304; x_wconf 85' lang='lat' dir='ltr'>quibus</span> <span class='ocrx_word' id='word_1_77' title='bbox 215 1205 332 1303; x_wconf 88' lang='lat' dir='ltr'>prima</span> <span class='ocrx_word' id='word_1_78' title='bbox 360 1228 381 1279; x_wconf 91' lang='lat' dir='ltr'>a</span> <span class='ocrx_word' id='word_1_79' title='bbox 406 1203 564 1302; x_wconf 76' lang='lat' dir='ltr'>pretiosis</span> <span class='ocrx_word' id='word_1_80' title='bbox 588 1203 703 1281; x_wconf 84' lang='lat' dir='ltr'>baccis</span> <span class='ocrx_word' id='word_1_81' title='bbox 725 1257 737 1295; x_wconf 96' lang='lat'>,</span> <span class='ocrx_word' id='word_1_82' title='bbox 772 1228 859 1302; x_wconf 82' lang='lat' dir='ltr'>quas</span> <span class='ocrx_word' id='word_1_83' title='bbox 886 1198 986 1283; x_wconf 86' lang='lat' dir='ltr'>affert</span> <span class='ocrx_word' id='word_1_84' title='bbox 1013 1202 1128 1297; x_wconf 73' lang='lat' dir='ltr'>srnuS,</span> <span class='ocrx_word' id='word_1_85' title='bbox 1156 1203 1365 1305; x_wconf 82' lang='lat' dir='ltr'>Margaritae</span> <span class='ocrx_word' id='word_1_86' title='bbox 1401 1230 1538 1282; x_wconf 89' lang='lat' dir='ltr'>nomen</span> <span class='ocrx_word' id='word_1_87' title='bbox 1567 1208 1612 1285; x_wconf 91' lang='lat' dir='ltr'>ab</span> 
     </span>
    </p>
   </div>
   <div class='ocr_carea' id='block_1_4' title="bbox 67 1305 1730 5282">
    <p class='ocr_par' dir='ltr' id='par_1_4' title="bbox 67 1305 1614 1819">
     <span class='ocr_line' id='line_1_10' title="bbox 68 1305 1612 1408; baseline 0.001 -23"><span class='ocrx_word' id='word_1_88' title='bbox 68 1332 112 1385; x_wconf 91' lang='lat' dir='ltr'>eo</span> <span class='ocrx_word' id='word_1_89' title='bbox 136 1305 317 1398; x_wconf 84' lang='lat' dir='ltr'>obtinuit,</span> <span class='ocrx_word' id='word_1_90' title='bbox 343 1308 485 1405; x_wconf 72' lang='lat' dir='ltr'>reliqua</span> <span class='ocrx_word' id='word_1_91' title='bbox 512 1307 659 1405; x_wconf 90' lang='lat' dir='ltr'>antiqua</span> <span class='ocrx_word' id='word_1_92' title='bbox 686 1305 857 1382; x_wconf 93' lang='lat' dir='ltr'>vocabula</span> <span class='ocrx_word' id='word_1_93' title='bbox 891 1312 923 1381; x_wconf 83' lang='lat' dir='ltr'><em>C</em></span> <span class='ocrx_word' id='word_1_94' title='bbox 922 1309 1029 1382; x_wconf 83' lang='lat' dir='ltr'>orbem</span> <span class='ocrx_word' id='word_1_95' title='bbox 1054 1311 1090 1384; x_wconf 78' lang='lat' dir='ltr'>dt</span> <span class='ocrx_word' id='word_1_96' title='bbox 1116 1311 1146 1381; x_wconf 84' lang='lat' dir='ltr'><em>C</em></span> <span class='ocrx_word' id='word_1_97' title='bbox 1146 1305 1273 1408; x_wconf 81' lang='lat' dir='ltr'>abagua</span> <span class='ocrx_word' id='word_1_98' title='bbox 1299 1311 1508 1403; x_wconf 86' lang='lat' dir='ltr'>retinuere,</span> <span class='ocrx_word' id='word_1_99' title='bbox 1546 1335 1612 1387; x_wconf 87' lang='lat' dir='ltr'>nec</span> 
     </span>
     <span class='ocr_line' id='line_1_11' title="bbox 67 1406 1614 1513; baseline 0.005 -28"><span class='ocrx_word' id='word_1_100' title='bbox 67 1410 210 1508; x_wconf 87' lang='lat' dir='ltr'>quidem</span> <span class='ocrx_word' id='word_1_101' title='bbox 237 1406 311 1484; x_wconf 86' lang='lat' dir='ltr'>fine</span> <span class='ocrx_word' id='word_1_102' title='bbox 338 1410 591 1501; x_wconf 87' lang='lat' dir='ltr'>contentione,</span> <span class='ocrx_word' id='word_1_103' title='bbox 616 1410 693 1484; x_wconf 79' lang='lat' dir='ltr'>hac</span> <span class='ocrx_word' id='word_1_104' title='bbox 719 1410 816 1483; x_wconf 90' lang='lat' dir='ltr'>enim</span> <span class='ocrx_word' id='word_1_105' title='bbox 854 1411 1103 1509; x_wconf 85' lang='lat' dir='ltr'>amargaritis</span> <span class='ocrx_word' id='word_1_106' title='bbox 1129 1416 1144 1500; x_wconf 88' lang='lat'>(</span> <span class='ocrx_word' id='word_1_107' title='bbox 1171 1411 1215 1485; x_wconf 93' lang='lat' dir='ltr'>de</span> <span class='ocrx_word' id='word_1_108' title='bbox 1240 1413 1292 1485; x_wconf 88' lang='lat' dir='ltr'>las</span> <span class='ocrx_word' id='word_1_109' title='bbox 1317 1415 1430 1511; x_wconf 87' lang='lat' dir='ltr'>persas</span> <span class='ocrx_word' id='word_1_110' title='bbox 1449 1415 1490 1507; x_wconf 86' lang='lat'>),</span> <span class='ocrx_word' id='word_1_111' title='bbox 1527 1439 1614 1513; x_wconf 85' lang='lat' dir='ltr'>qua·</span> 
     </span>
     <span class='ocr_line' id='line_1_12' title="bbox 73 1510 1309 1614; baseline -0.003 -24"><span class='ocrx_word' id='word_1_112' title='bbox 73 1537 152 1590; x_wconf 88' lang='lat' dir='ltr'>rum</span> <span class='ocrx_word' id='word_1_113' title='bbox 177 1510 324 1613; x_wconf 84' lang='lat' dir='ltr'>copiosa</span> <span class='ocrx_word' id='word_1_114' title='bbox 350 1536 434 1588; x_wconf 89' lang='lat' dir='ltr'>tunc</span> <span class='ocrx_word' id='word_1_115' title='bbox 461 1511 509 1587; x_wconf 91' lang='lat' dir='ltr'>ibi</span> <span class='ocrx_word' id='word_1_116' title='bbox 535 1511 711 1611; x_wconf 85' lang='lat' dir='ltr'>piscatio,</span> <span class='ocrx_word' id='word_1_117' title='bbox 737 1513 870 1587; x_wconf 87' lang='lat' dir='ltr'>multos</span> <span class='ocrx_word' id='word_1_118' title='bbox 897 1537 1010 1590; x_wconf 85' lang='lat' dir='ltr'>annos</span> <span class='ocrx_word' id='word_1_119' title='bbox 1037 1515 1213 1614; x_wconf 85' lang='lat' dir='ltr'>appellata</span> <span class='ocrx_word' id='word_1_120' title='bbox 1238 1512 1309 1591; x_wconf 85' lang='lat' dir='ltr'>cll.</span> 
     </span>
     <span class='ocr_line' id='line_1_13' title="bbox 480 1634 893 1712; baseline -0.002 -1"><span class='ocrx_word' id='word_1_121' title='bbox 480 1634 487 1647; x_wconf 94' lang='grc'><strong>’</strong></span> <span class='ocrx_word' id='word_1_122' title='bbox 785 1636 893 1712; x_wconf 89' lang='lat'><strong>¹499·</strong></span> 
     </span>
     <span class='ocr_line' id='line_1_14' title="bbox 420 1715 1422 1819; baseline 0.007 -30"><span class='ocrx_word' id='word_1_123' title='bbox 420 1715 567 1795; x_wconf 90' lang='lat' dir='ltr'>Velense</span> <span class='ocrx_word' id='word_1_124' title='bbox 591 1715 734 1816; x_wconf 85' lang='lat' dir='ltr'>Caput.</span> <span class='ocrx_word' id='word_1_125' title='bbox 754 1720 859 1818; x_wconf 54' lang='grc' dir='ltr'><strong><em>[ους.</em></strong></span> <span class='ocrx_word' id='word_1_126' title='bbox 890 1738 932 1816; x_wconf 80' lang='lat'>3¹</span> <span class='ocrx_word' id='word_1_127' title='bbox 941 1742 975 1819; x_wconf 88' lang='lat'>5.</span> <span class='ocrx_word' id='word_1_128' title='bbox 1003 1722 1083 1794; x_wconf 83' lang='lat' dir='ltr'>lat.</span> <span class='ocrx_word' id='word_1_129' title='bbox 1110 1717 1176 1794; x_wconf 84' lang='lat' dir='ltr'>bor.</span> <span class='ocrx_word' id='word_1_130' title='bbox 1208 1743 1267 1796; x_wconf 88' lang='lat'>12.</span> <span class='ocrx_word' id='word_1_131' title='bbox 1418 1770 1422 1777; x_wconf 90' lang='lat'><em>-</em></span> 
     </span>
    </p>

    <p class='ocr_par' dir='ltr' id='par_1_5' title="bbox 71 1816 1730 2844">
     <span class='ocr_line' id='line_1_15' title="bbox 125 1816 1615 1996; baseline 0.001 -100"><span class='ocrx_word' id='word_1_132' title='bbox 125 1816 293 1896; x_wconf 70' lang='lat' dir='ltr'>attonsus</span> <span class='ocrx_word' id='word_1_133' title='bbox 315 1819 363 1893; x_wconf 90' lang='lat' dir='ltr'>de</span> <span class='ocrx_word' id='word_1_134' title='bbox 397 1817 513 1909; x_wconf 83' lang='lat' dir='ltr'>Ojeda</span> <span class='ocrx_word' id='word_1_135' title='bbox 548 1822 662 1921; x_wconf 88' lang='lat' dir='ltr'>prima</span> <span class='ocrx_word' id='word_1_136' title='bbox 700 1821 795 1996; x_wconf 57' lang='lat' dir='ltr'>apud</span> <span class='ocrx_word' id='word_1_137' title='bbox 829 1820 1008 1918; x_wconf 87' lang='lat' dir='ltr'>Hispanos</span> <span class='ocrx_word' id='word_1_138' title='bbox 1044 1820 1233 1899; x_wconf 87' lang='lat' dir='ltr'>nobilitate</span> <span class='ocrx_word' id='word_1_139' title='bbox 1268 1819 1475 1920; x_wconf 86' lang='lat' dir='ltr'>conspicuus</span> <span class='ocrx_word' id='word_1_140' title='bbox 1511 1821 1615 1900; x_wconf 86' lang='lat' dir='ltr'>sociis</span> 
     </span>
     <span class='ocr_line' id='line_1_16' title="bbox 75 1919 1730 2023; baseline 0.001 -23"><span class='ocrx_word' id='word_1_141' title='bbox 75 1925 210 2023; x_wconf 77' lang='lat' dir='ltr'>viaque</span> <span class='ocrx_word' id='word_1_142' title='bbox 231 1919 423 1998; x_wconf 83' lang='lat' dir='ltr'>comitibus</span> <span class='ocrx_word' id='word_1_143' title='bbox 448 1922 618 2000; x_wconf 87' lang='lat' dir='ltr'>Americo</span> <span class='ocrx_word' id='word_1_144' title='bbox 653 1923 707 1999; x_wconf 91' lang='lat' dir='ltr'>Ve</span> <span class='ocrx_word' id='word_1_145' title='bbox 724 1923 830 2023; x_wconf 89' lang='lat' dir='ltr'>pucio</span> <span class='ocrx_word' id='word_1_146' title='bbox 867 1923 1113 2016; x_wconf 75' lang='lat' dir='ltr'>florentine,</span> <span class='ocrx_word' id='word_1_147' title='bbox 1149 1930 1184 2002; x_wconf 72' lang='grc' dir='ltr'>ἃ</span> <span class='ocrx_word' id='word_1_148' title='bbox 1221 1923 1361 2022; x_wconf 85' lang='lat' dir='ltr'>Joanne</span> <span class='ocrx_word' id='word_1_149' title='bbox 1386 1928 1430 2000; x_wconf 93' lang='lat' dir='ltr'>de</span> <span class='ocrx_word' id='word_1_150' title='bbox 1455 1928 1491 2000; x_wconf 88' lang='lat' dir='ltr'>la</span> <span class='ocrx_word' id='word_1_151' title='bbox 1517 1924 1615 2001; x_wconf 89' lang='lat' dir='ltr'>Cosa</span> <span class='ocrx_word' id='word_1_152' title='bbox 1726 1920 1730 1929; x_wconf 54' lang='lat'><strong>¹</strong></span> 
     </span>
     <span class='ocr_line' id='line_1_17' title="bbox 73 2021 1613 2124; baseline 0.001 -22"><span class='ocrx_word' id='word_1_153' title='bbox 73 2030 245 2102; x_wconf 89' lang='lat' dir='ltr'>nauclero</span> <span class='ocrx_word' id='word_1_154' title='bbox 280 2049 324 2101; x_wconf 89' lang='lat' dir='ltr'>ex</span> <span class='ocrx_word' id='word_1_155' title='bbox 358 2021 525 2122; x_wconf 85' lang='lat' dir='ltr'>Hispanis</span> <span class='ocrx_word' id='word_1_156' title='bbox 559 2023 854 2124; x_wconf 76' lang='lat' dir='ltr'>experientissimo</span> <span class='ocrx_word' id='word_1_157' title='bbox 891 2028 1137 2103; x_wconf 87' lang='lat' dir='ltr'>continentem</span> <span class='ocrx_word' id='word_1_158' title='bbox 1162 2027 1368 2102; x_wconf 87' lang='lat' dir='ltr'>Americam</span> <span class='ocrx_word' id='word_1_159' title='bbox 1404 2029 1520 2103; x_wconf 90' lang='lat' dir='ltr'>tenuit</span> <span class='ocrx_word' id='word_1_160' title='bbox 1543 2052 1565 2119; x_wconf 84' lang='grc' dir='ltr'>Ιι</span> <span class='ocrx_word' id='word_1_161' title='bbox 1575 2037 1613 2108; x_wconf 88' lang='grc'>6.</span> 
     </span>
     <span class='ocr_line' id='line_1_18' title="bbox 72 2126 1616 2227; baseline -0.001 -21"><span class='ocrx_word' id='word_1_162' title='bbox 72 2128 187 2223; x_wconf 86' lang='lat' dir='ltr'>Maii,</span> <span class='ocrx_word' id='word_1_163' title='bbox 213 2128 281 2227; x_wconf 83' lang='lat' dir='ltr'>qual</span> <span class='ocrx_word' id='word_1_164' title='bbox 307 2127 477 2203; x_wconf 89' lang='lat' dir='ltr'>nimimm</span> <span class='ocrx_word' id='word_1_165' title='bbox 504 2129 567 2205; x_wconf 92' lang='lat' dir='ltr'>illa</span> <span class='ocrx_word' id='word_1_166' title='bbox 593 2130 645 2205; x_wconf 88' lang='lat' dir='ltr'>bis</span> <span class='ocrx_word' id='word_1_167' title='bbox 670 2149 816 2205; x_wconf 89' lang='lat' dir='ltr'>centum</span> <span class='ocrx_word' id='word_1_168' title='bbox 841 2132 959 2206; x_wconf 81' lang='lat' dir='ltr'>leucas</span> <span class='ocrx_word' id='word_1_169' title='bbox 986 2130 1031 2205; x_wconf 88' lang='lat' dir='ltr'>ad</span> <span class='ocrx_word' id='word_1_170' title='bbox 1069 2130 1260 2206; x_wconf 88' lang='lat' dir='ltr'>Orientem</span> <span class='ocrx_word' id='word_1_171' title='bbox 1286 2132 1327 2218; x_wconf 70' lang='lat'>(²¹</span> <span class='ocrx_word' id='word_1_172' title='bbox 1353 2129 1439 2206; x_wconf 89' lang='lat' dir='ltr'>Non</span> <span class='ocrx_word' id='word_1_173' title='bbox 1475 2126 1542 2205; x_wconf 91' lang='lat' dir='ltr'>nisr</span> <span class='ocrx_word' id='word_1_174' title='bbox 1569 2130 1616 2205; x_wconf 88' lang='lat' dir='ltr'>ad</span> 
     </span>
     <span class='ocr_line' id='line_1_19' title="bbox 71 2228 1615 2332; baseline -0.001 -23"><span class='ocrx_word' id='word_1_175' title='bbox 71 2230 311 2309; x_wconf 85' lang='lat' dir='ltr'>Occidentem</span> <span class='ocrx_word' id='word_1_176' title='bbox 340 2230 388 2320; x_wconf 79' lang='lat'>*)</span> <span class='ocrx_word' id='word_1_177' title='bbox 414 2229 520 2308; x_wconf 86' lang='lat' dir='ltr'>distat</span> <span class='ocrx_word' id='word_1_178' title='bbox 546 2232 590 2307; x_wconf 92' lang='lat' dir='ltr'>ab</span> <span class='ocrx_word' id='word_1_179' title='bbox 616 2228 814 2308; x_wconf 85' lang='lat' dir='ltr'>Orenoco.</span> <span class='ocrx_word' id='word_1_180' title='bbox 850 2229 957 2332; x_wconf 75' lang='lat' dir='ltr'>legit</span> <span class='ocrx_word' id='word_1_181' title='bbox 983 2258 1088 2308; x_wconf 90' lang='lat' dir='ltr'>oram</span> <span class='ocrx_word' id='word_1_182' title='bbox 1113 2233 1214 2307; x_wconf 89' lang='lat' dir='ltr'>illam</span> <span class='ocrx_word' id='word_1_183' title='bbox 1240 2234 1356 2307; x_wconf 90' lang='lat' dir='ltr'>donec</span> <span class='ocrx_word' id='word_1_184' title='bbox 1393 2254 1539 2308; x_wconf 87' lang='lat' dir='ltr'>ventum</span> <span class='ocrx_word' id='word_1_185' title='bbox 1564 2228 1615 2308; x_wconf 84' lang='lat' dir='ltr'>est</span> 
     </span>
     <span class='ocr_line' id='line_1_20' title="bbox 72 2330 1615 2433; baseline 0.001 -24"><span class='ocrx_word' id='word_1_186' title='bbox 72 2336 119 2409; x_wconf 83' lang='lat' dir='ltr'>ad</span> <span class='ocrx_word' id='word_1_187' title='bbox 145 2332 455 2432; x_wconf 90' lang='lat' dir='ltr'>promontorium,</span> <span class='ocrx_word' id='word_1_188' title='bbox 483 2336 540 2410; x_wconf 89' lang='lat' dir='ltr'>cui</span> <span class='ocrx_word' id='word_1_189' title='bbox 566 2359 702 2412; x_wconf 89' lang='lat' dir='ltr'>novam</span> <span class='ocrx_word' id='word_1_190' title='bbox 725 2330 811 2410; x_wconf 88' lang='lat' dir='ltr'>fecit</span> <span class='ocrx_word' id='word_1_191' title='bbox 838 2335 1115 2433; x_wconf 87' lang='lat' dir='ltr'>appellationem</span> <span class='ocrx_word' id='word_1_192' title='bbox 1142 2340 1171 2409; x_wconf 83' lang='lat' dir='ltr'><em>C</em></span> <span class='ocrx_word' id='word_1_193' title='bbox 1171 2334 1399 2410; x_wconf 72' lang='lat' dir='ltr'>alode-Vela.</span> <span class='ocrx_word' id='word_1_194' title='bbox 1427 2330 1511 2410; x_wconf 90' lang='lat' dir='ltr'>Viso</span> <span class='ocrx_word' id='word_1_195' title='bbox 1538 2331 1615 2410; x_wconf 88' lang='lat' dir='ltr'>sub-</span> 
     </span>
     <span class='ocr_line' id='line_1_21' title="bbox 74 2434 1613 2536; baseline 0.001 -25"><span class='ocrx_word' id='word_1_196' title='bbox 74 2436 158 2511; x_wconf 88' lang='lat' dir='ltr'>inde</span> <span class='ocrx_word' id='word_1_197' title='bbox 182 2434 391 2514; x_wconf 89' lang='lat' dir='ltr'>Maracaibo</span> <span class='ocrx_word' id='word_1_198' title='bbox 416 2434 522 2528; x_wconf 78' lang='lat' dir='ltr'>sinu,</span> <span class='ocrx_word' id='word_1_199' title='bbox 561 2458 666 2536; x_wconf 89' lang='lat' dir='ltr'>atque</span> <span class='ocrx_word' id='word_1_200' title='bbox 694 2439 730 2511; x_wconf 91' lang='lat' dir='ltr'>in</span> <span class='ocrx_word' id='word_1_201' title='bbox 764 2436 891 2510; x_wconf 83' lang='lat' dir='ltr'>mediis</span> <span class='ocrx_word' id='word_1_202' title='bbox 926 2439 1024 2536; x_wconf 83' lang='lat' dir='ltr'>aquis</span> <span class='ocrx_word' id='word_1_203' title='bbox 1050 2435 1248 2513; x_wconf 73' lang='lat' dir='ltr'>constructo</span> <span class='ocrx_word' id='word_1_204' title='bbox 1283 2437 1437 2536; x_wconf 86' lang='lat' dir='ltr'>oppidu,</span> <span class='ocrx_word' id='word_1_205' title='bbox 1472 2461 1613 2513; x_wconf 79' lang='lat' dir='ltr'>memor</span> 
     </span>
     <span class='ocr_line' id='line_1_22' title="bbox 77 2538 1616 2639; baseline 0.001 -28"><span class='ocrx_word' id='word_1_206' title='bbox 77 2538 311 2616; x_wconf 75' lang='lat' dir='ltr'>Veneriorum</span> <span class='ocrx_word' id='word_1_207' title='bbox 338 2539 549 2617; x_wconf 82' lang='lat' dir='ltr'>acclamavit</span> <span class='ocrx_word' id='word_1_208' title='bbox 580 2540 829 2630; x_wconf 70' lang='lat' dir='ltr'>Venetiolm,</span> <span class='ocrx_word' id='word_1_209' title='bbox 855 2542 912 2616; x_wconf 92' lang='lat' dir='ltr'>vul</span> <span class='ocrx_word' id='word_1_210' title='bbox 938 2567 962 2616; x_wconf 93' lang='lat'>0</span> <span class='ocrx_word' id='word_1_211' title='bbox 987 2544 1190 2617; x_wconf 82' lang='lat' dir='ltr'>Venezvela:</span> <span class='ocrx_word' id='word_1_212' title='bbox 1217 2541 1313 2639; x_wconf 84' lang='lat' dir='ltr'>quod</span> <span class='ocrx_word' id='word_1_213' title='bbox 1337 2562 1470 2617; x_wconf 90' lang='lat' dir='ltr'>nomen</span> <span class='ocrx_word' id='word_1_214' title='bbox 1495 2542 1532 2614; x_wconf 93' lang='lat' dir='ltr'>in</span> <span class='ocrx_word' id='word_1_215' title='bbox 1577 2563 1616 2612; x_wconf 91' lang='lat' dir='ltr'>o·</span> 
     </span>
     <span class='ocr_line' id='line_1_23' title="bbox 75 2564 1618 2742; baseline 0 -24"><span class='ocrx_word' id='word_1_216' title='bbox 75 2639 212 2718; x_wconf 79' lang='lat' dir='ltr'>ilemm</span> <span class='ocrx_word' id='word_1_217' title='bbox 236 2643 301 2717; x_wconf 91' lang='lat' dir='ltr'>toti</span> <span class='ocrx_word' id='word_1_218' title='bbox 327 2641 512 2742; x_wconf 88' lang='lat' dir='ltr'>provinciae</span> <span class='ocrx_word' id='word_1_219' title='bbox 547 2668 740 2721; x_wconf 90' lang='lat' dir='ltr'>commune</span> <span class='ocrx_word' id='word_1_220' title='bbox 776 2638 866 2718; x_wconf 86' lang='lat' dir='ltr'>luit.</span> <span class='ocrx_word' id='word_1_221' title='bbox 906 2565 979 2717; x_wconf 49' lang='lat' dir='ltr'>sub</span> <span class='ocrx_word' id='word_1_222' title='bbox 1003 2643 1079 2720; x_wconf 85' lang='lat' dir='ltr'>haec</span> <span class='ocrx_word' id='word_1_223' title='bbox 1106 2642 1328 2719; x_wconf 85' lang='lat' dir='ltr'>maritimam</span> <span class='ocrx_word' id='word_1_224' title='bbox 1353 2666 1458 2716; x_wconf 93' lang='lat' dir='ltr'>oram</span> <span class='ocrx_word' id='word_1_225' title='bbox 1496 2564 1618 2718; x_wconf 67' lang='lat' dir='ltr'>atlu-</span> 
     </span>
     <span class='ocr_line' id='line_1_24' title="bbox 71 2743 1346 2844; baseline 0.002 -25"><span class='ocrx_word' id='word_1_226' title='bbox 71 2769 189 2819; x_wconf 84' lang='lat' dir='ltr'>mana</span> <span class='ocrx_word' id='word_1_227' title='bbox 210 2743 365 2836; x_wconf 75' lang='lat' dir='ltr'>didam,</span> <span class='ocrx_word' id='word_1_228' title='bbox 391 2765 529 2843; x_wconf 89' lang='lat' dir='ltr'>quanta</span> <span class='ocrx_word' id='word_1_229' title='bbox 554 2746 617 2822; x_wconf 89' lang='lat' dir='ltr'>illa</span> <span class='ocrx_word' id='word_1_230' title='bbox 642 2743 712 2838; x_wconf 87' lang='lat' dir='ltr'>est,</span> <span class='ocrx_word' id='word_1_231' title='bbox 739 2745 960 2844; x_wconf 83' lang='lat' dir='ltr'>exploravit.</span> <span class='ocrx_word' id='word_1_232' title='bbox 1343 2766 1346 2775; x_wconf 83' lang='grc'><strong>“</strong></span> 
     </span>
    </p>

    <p class='ocr_par' dir='ltr' id='par_1_6' title="bbox 73 2843 1666 3739">
     <span class='ocr_line' id='line_1_25' title="bbox 124 2843 1618 2946; baseline 0.002 -27"><span class='ocrx_word' id='word_1_233' title='bbox 124 2845 312 2923; x_wconf 74' lang='lat' dir='ltr'>almericus</span> <span class='ocrx_word' id='word_1_234' title='bbox 338 2848 530 2946; x_wconf 81' lang='lat' dir='ltr'>Vespuciue</span> <span class='ocrx_word' id='word_1_235' title='bbox 569 2874 652 2924; x_wconf 92' lang='lat' dir='ltr'>cum</span> <span class='ocrx_word' id='word_1_236' title='bbox 689 2850 805 2923; x_wconf 75' lang='lat' dir='ltr'>vedor</span> <span class='ocrx_word' id='word_1_237' title='bbox 828 2848 1005 2925; x_wconf 88' lang='lat' dir='ltr'>duntaxat</span> <span class='ocrx_word' id='word_1_238' title='bbox 1042 2847 1216 2940; x_wconf 74' lang='lat' dir='ltr'>classem,</span> <span class='ocrx_word' id='word_1_239' title='bbox 1242 2849 1299 2924; x_wconf 89' lang='lat' dir='ltr'>cui</span> <span class='ocrx_word' id='word_1_240' title='bbox 1326 2843 1504 2945; x_wconf 71' lang='lat' dir='ltr'>praefedus</span> <span class='ocrx_word' id='word_1_241' title='bbox 1537 2863 1618 2923; x_wconf 88' lang='lat' dir='ltr'>erat</span> 
     </span>
     <span class='ocr_line' id='line_1_26' title="bbox 73 2945 1618 3049; baseline 0.002 -27"><span class='ocrx_word' id='word_1_242' title='bbox 73 2946 189 3035; x_wconf 81' lang='lat' dir='ltr'>Ojeda</span> <span class='ocrx_word' id='word_1_243' title='bbox 214 2945 438 3047; x_wconf 85' lang='lat' dir='ltr'>sequeretur,</span> <span class='ocrx_word' id='word_1_244' title='bbox 467 2950 595 3049; x_wconf 89' lang='lat' dir='ltr'>publici</span> <span class='ocrx_word' id='word_1_245' title='bbox 634 2948 868 3026; x_wconf 84' lang='lat' dir='ltr'>nihilominus</span> <span class='ocrx_word' id='word_1_246' title='bbox 903 2951 984 3039; x_wconf 87' lang='lat' dir='ltr'>juris</span> <span class='ocrx_word' id='word_1_247' title='bbox 1010 2949 1103 3027; x_wconf 71' lang='lat' dir='ltr'>fasta</span> <span class='ocrx_word' id='word_1_248' title='bbox 1129 2949 1232 3041; x_wconf 87' lang='lat' dir='ltr'>hujus</span> <span class='ocrx_word' id='word_1_249' title='bbox 1259 2951 1471 3026; x_wconf 83' lang='lat' dir='ltr'>inventionis</span> <span class='ocrx_word' id='word_1_250' title='bbox 1505 2947 1618 3025; x_wconf 86' lang='lat' dir='ltr'>histo-</span> 
     </span>
     <span class='ocr_line' id='line_1_27' title="bbox 74 3050 1619 3151; baseline 0 -27"><span class='ocrx_word' id='word_1_251' title='bbox 74 3052 184 3142; x_wconf 85' lang='lat' dir='ltr'>riola,</span> <span class='ocrx_word' id='word_1_252' title='bbox 217 3070 329 3125; x_wconf 79' lang='lat' dir='ltr'>tantae</span> <span class='ocrx_word' id='word_1_253' title='bbox 356 3055 537 3127; x_wconf 63' lang='lat' dir='ltr'>auctorem</span> <span class='ocrx_word' id='word_1_254' title='bbox 573 3054 695 3148; x_wconf 82' lang='lat' dir='ltr'>gloriae</span> <span class='ocrx_word' id='word_1_255' title='bbox 720 3051 790 3128; x_wconf 89' lang='lat' dir='ltr'>sese</span> <span class='ocrx_word' id='word_1_256' title='bbox 827 3053 863 3127; x_wconf 90' lang='lat' dir='ltr'>in</span> <span class='ocrx_word' id='word_1_257' title='bbox 888 3077 931 3127; x_wconf 90' lang='lat' dir='ltr'>ea</span> <span class='ocrx_word' id='word_1_258' title='bbox 969 3053 1169 3151; x_wconf 87' lang='lat' dir='ltr'>propinavit</span> <span class='ocrx_word' id='word_1_259' title='bbox 1196 3053 1371 3145; x_wconf 91' lang='lat' dir='ltr'>incautis,</span> <span class='ocrx_word' id='word_1_260' title='bbox 1406 3050 1619 3128; x_wconf 85' lang='lat' dir='ltr'>ostentavit-</span> 
     </span>
     <span class='ocr_line' id='line_1_28' title="bbox 76 3149 1622 3252; baseline 0.003 -26"><span class='ocrx_word' id='word_1_261' title='bbox 76 3176 153 3251; x_wconf 84' lang='lat' dir='ltr'>que.</span> <span class='ocrx_word' id='word_1_262' title='bbox 188 3149 236 3223; x_wconf 91' lang='lat' dir='ltr'>Id</span> <span class='ocrx_word' id='word_1_263' title='bbox 265 3170 451 3224; x_wconf 88' lang='lat' dir='ltr'>autemut</span> <span class='ocrx_word' id='word_1_264' title='bbox 477 3153 550 3223; x_wconf 87' lang='lat' dir='ltr'>veri</span> <span class='ocrx_word' id='word_1_265' title='bbox 575 3151 706 3224; x_wconf 85' lang='lat' dir='ltr'>faceret</span> <span class='ocrx_word' id='word_1_266' title='bbox 732 3152 902 3243; x_wconf 86' lang='lat' dir='ltr'>fimilius,</span> <span class='ocrx_word' id='word_1_267' title='bbox 929 3153 1128 3251; x_wconf 76' lang='lat' dir='ltr'>caterisque</span> <span class='ocrx_word' id='word_1_268' title='bbox 1152 3153 1333 3252; x_wconf 80' lang='lat' dir='ltr'>Europaeis</span> <span class='ocrx_word' id='word_1_269' title='bbox 1360 3151 1622 3248; x_wconf 66' lang='lat' dir='ltr'>iuventamn</span> 
     </span>
     <span class='ocr_line' id='line_1_29' title="bbox 76 3250 1620 3351; baseline 0 -23"><span class='ocrx_word' id='word_1_270' title='bbox 76 3255 161 3328; x_wconf 86' lang='lat' dir='ltr'>orbis</span> <span class='ocrx_word' id='word_1_271' title='bbox 189 3250 411 3326; x_wconf 88' lang='lat' dir='ltr'>continentis</span> <span class='ocrx_word' id='word_1_272' title='bbox 436 3251 579 3324; x_wconf 86' lang='lat' dir='ltr'>laudem</span> <span class='ocrx_word' id='word_1_273' title='bbox 606 3250 835 3347; x_wconf 76' lang='lat' dir='ltr'>praeriperet,</span> <span class='ocrx_word' id='word_1_274' title='bbox 862 3275 936 3324; x_wconf 92' lang='lat' dir='ltr'>non</span> <span class='ocrx_word' id='word_1_275' title='bbox 962 3254 1133 3328; x_wconf 89' lang='lat' dir='ltr'>dubitavit</span> <span class='ocrx_word' id='word_1_276' title='bbox 1162 3253 1304 3327; x_wconf 79' lang='lat' dir='ltr'>asserere</span> <span class='ocrx_word' id='word_1_277' title='bbox 1339 3250 1492 3351; x_wconf 77' lang='lat' dir='ltr'>quinque</span> <span class='ocrx_word' id='word_1_278' title='bbox 1516 3250 1620 3350; x_wconf 87' lang='lat' dir='ltr'>supra</span> 
     </span>
     <span class='ocr_line' id='line_1_30' title="bbox 77 3347 1622 3454; baseline 0.001 -26"><span class='ocrx_word' id='word_1_279' title='bbox 77 3355 201 3454; x_wconf 81' lang='lat' dir='ltr'>viginti</span> <span class='ocrx_word' id='word_1_280' title='bbox 229 3347 405 3426; x_wconf 85' lang='lat' dir='ltr'>menfium</span> <span class='ocrx_word' id='word_1_281' title='bbox 432 3351 499 3425; x_wconf 89' lang='lat' dir='ltr'>iter</span> <span class='ocrx_word' id='word_1_282' title='bbox 525 3347 639 3426; x_wconf 82' lang='lat' dir='ltr'>fecisse</span> <span class='ocrx_word' id='word_1_283' title='bbox 676 3349 740 3424; x_wconf 86' lang='lat' dir='ltr'>se.</span> <span class='ocrx_word' id='word_1_284' title='bbox 777 3350 887 3426; x_wconf 87' lang='lat' dir='ltr'>Enim</span> <span class='ocrx_word' id='word_1_285' title='bbox 925 3376 1009 3426; x_wconf 91' lang='lat' dir='ltr'>vero</span> <span class='ocrx_word' id='word_1_286' title='bbox 1036 3353 1153 3440; x_wconf 83' lang='lat' dir='ltr'>Ojcda</span> <span class='ocrx_word' id='word_1_287' title='bbox 1178 3354 1325 3440; x_wconf 80' lang='lat' dir='ltr'>juridice</span> <span class='ocrx_word' id='word_1_288' title='bbox 1360 3354 1432 3427; x_wconf 88' lang='lat' dir='ltr'>hac</span> <span class='ocrx_word' id='word_1_289' title='bbox 1454 3350 1622 3453; x_wconf 72' lang='lat' dir='ltr'>superse</span> 
     </span>
     <span class='ocr_line' id='line_1_31' title="bbox 79 3451 1621 3554; baseline -0.001 -21"><span class='ocrx_word' id='word_1_290' title='bbox 79 3459 318 3553; x_wconf 80' lang='lat' dir='ltr'>interrogatus</span> <span class='ocrx_word' id='word_1_291' title='bbox 354 3451 548 3551; x_wconf 89' lang='lat' dir='ltr'>gloriosum</span> <span class='ocrx_word' id='word_1_292' title='bbox 583 3453 769 3527; x_wconf 90' lang='lat' dir='ltr'>hominem</span> <span class='ocrx_word' id='word_1_293' title='bbox 802 3451 1012 3527; x_wconf 88' lang='lat' dir='ltr'>mendacem</span> <span class='ocrx_word' id='word_1_294' title='bbox 1051 3454 1270 3554; x_wconf 87' lang='lat' dir='ltr'>appellavit:</span> <span class='ocrx_word' id='word_1_295' title='bbox 1307 3451 1457 3532; x_wconf 82' lang='lat' dir='ltr'>Efficere</span> <span class='ocrx_word' id='word_1_296' title='bbox 1494 3475 1621 3532; x_wconf 87' lang='lat' dir='ltr'>autem</span> 
     </span>
     <span class='ocr_line' id='line_1_32' title="bbox 76 3553 1666 3663; baseline -0.001 -28"><span class='ocrx_word' id='word_1_297' title='bbox 76 3583 158 3635; x_wconf 88' lang='lat' dir='ltr'>non</span> <span class='ocrx_word' id='word_1_298' title='bbox 183 3559 297 3656; x_wconf 83' lang='lat' dir='ltr'>putuit</span> <span class='ocrx_word' id='word_1_299' title='bbox 323 3573 364 3630; x_wconf 92' lang='lat' dir='ltr'>ut</span> <span class='ocrx_word' id='word_1_300' title='bbox 389 3553 496 3636; x_wconf 71' lang='lat' dir='ltr'>semel</span> <span class='ocrx_word' id='word_1_301' title='bbox 522 3555 688 3655; x_wconf 86' lang='lat' dir='ltr'>usurpata</span> <span class='ocrx_word' id='word_1_302' title='bbox 713 3555 889 3637; x_wconf 57' lang='lat' dir='ltr'>American</span> <span class='ocrx_word' id='word_1_303' title='bbox 915 3556 1107 3663; x_wconf 77' lang='lat' dir='ltr'>appellatio</span> <span class='ocrx_word' id='word_1_304' title='bbox 1146 3558 1390 3659; x_wconf 89' lang='lat' dir='ltr'>antiquaretur</span> <span class='ocrx_word' id='word_1_305' title='bbox 1416 3583 1480 3658; x_wconf 90' lang='lat' dir='ltr'>pro</span> <span class='ocrx_word' id='word_1_306' title='bbox 1516 3559 1621 3659; x_wconf 82' lang='lat' dir='ltr'>arqui·</span> <span class='ocrx_word' id='word_1_307' title='bbox 1659 3635 1666 3644; x_wconf 80' lang='grc'><strong>,</strong></span> 
     </span>
     <span class='ocr_line' id='line_1_33' title="bbox 79 3679 512 3739; baseline -0.005 0"><span class='ocrx_word' id='word_1_308' title='bbox 79 3679 179 3739; x_wconf 66' lang='grc' dir='ltr'>ῐᾶίθ»</span> <span class='ocrx_word' id='word_1_309' title='bbox 282 3694 290 3707; x_wconf 90' lang='grc'>·</span> <span class='ocrx_word' id='word_1_310' title='bbox 505 3694 512 3707; x_wconf 90' lang='grc'><em>’</em></span> 
     </span>
    </p>

    <p class='ocr_par' dir='ltr' id='par_1_7' title="bbox 444 3764 1040 3858">
     <span class='ocr_line' id='line_1_34' title="bbox 444 3764 1040 3858; baseline -0.005 -15"><span class='ocrx_word' id='word_1_311' title='bbox 444 3779 451 3792; x_wconf 81' lang='grc'><strong>”</strong></span> <span class='ocrx_word' id='word_1_312' title='bbox 662 3764 856 3858; x_wconf 74' lang='lat' dir='ltr'>Ayolenses</span> <span class='ocrx_word' id='word_1_313' title='bbox 888 3767 1040 3846; x_wconf 85' lang='lat' dir='ltr'>Salinae.</span> 
     </span>
    </p>

    <p class='ocr_par' dir='ltr' id='par_1_8' title="bbox 84 3859 1623 4270">
     <span class='ocr_line' id='line_1_35' title="bbox 132 3859 1622 3970; baseline -0.003 -23"><span class='ocrx_word' id='word_1_314' title='bbox 132 3867 207 3947; x_wconf 83' lang='lat' dir='ltr'>Sub</span> <span class='ocrx_word' id='word_1_315' title='bbox 230 3865 385 3958; x_wconf 81' lang='lat' dir='ltr'>ejusdem</span> <span class='ocrx_word' id='word_1_316' title='bbox 412 3870 495 3943; x_wconf 89' lang='lat' dir='ltr'>anni</span> <span class='ocrx_word' id='word_1_317' title='bbox 522 3866 632 3945; x_wconf 88' lang='lat' dir='ltr'>finem</span> <span class='ocrx_word' id='word_1_318' title='bbox 659 3896 678 3945; x_wconf 93' lang='lat' dir='ltr'>a</span> <span class='ocrx_word' id='word_1_319' title='bbox 706 3869 966 3970; x_wconf 86' lang='lat' dir='ltr'>Chrillophoro</span> <span class='ocrx_word' id='word_1_320' title='bbox 992 3871 1133 3946; x_wconf 88' lang='lat' dir='ltr'>Guerta</span> <span class='ocrx_word' id='word_1_321' title='bbox 1159 3874 1194 3944; x_wconf 80' lang='lat' dir='ltr'>bt</span> <span class='ocrx_word' id='word_1_322' title='bbox 1219 3859 1327 3943; x_wconf 88' lang='lat' dir='ltr'>Petro</span> <span class='ocrx_word' id='word_1_323' title='bbox 1351 3862 1535 3964; x_wconf 84' lang='lat' dir='ltr'>Alphonso</span> <span class='ocrx_word' id='word_1_324' title='bbox 1555 3866 1622 3944; x_wconf 87' lang='lat' dir='ltr'>Ni-</span> 
     </span>
     <span class='ocr_line' id='line_1_36' title="bbox 84 3965 1623 4071; baseline -0.001 -27"><span class='ocrx_word' id='word_1_325' title='bbox 84 3975 135 4046; x_wconf 78' lang='lat' dir='ltr'>do</span> <span class='ocrx_word' id='word_1_326' title='bbox 159 3967 335 4071; x_wconf 65' lang='lat' dir='ltr'>patefacta</span> <span class='ocrx_word' id='word_1_327' title='bbox 362 3970 410 4049; x_wconf 91' lang='lat' dir='ltr'>est</span> <span class='ocrx_word' id='word_1_328' title='bbox 437 3973 642 4048; x_wconf 86' lang='lat' dir='ltr'>acuminata</span> <span class='ocrx_word' id='word_1_329' title='bbox 669 3970 793 4067; x_wconf 82' lang='lat' dir='ltr'>Ayolae</span> <span class='ocrx_word' id='word_1_330' title='bbox 819 3975 1150 4068; x_wconf 59' lang='lat' dir='ltr'>extremitas„quae</span> <span class='ocrx_word' id='word_1_331' title='bbox 1173 3965 1236 4042; x_wconf 85' lang='lat' dir='ltr'>sub</span> <span class='ocrx_word' id='word_1_332' title='bbox 1260 3969 1389 4043; x_wconf 87' lang='lat' dir='ltr'>eodem</span> <span class='ocrx_word' id='word_1_333' title='bbox 1422 3969 1623 4044; x_wconf 89' lang='lat' dir='ltr'>meridiano</span> 
     </span>
     <span class='ocr_line' id='line_1_37' title="bbox 84 4066 1622 4174; baseline 0.002 -28"><span class='ocrx_word' id='word_1_334' title='bbox 84 4073 174 4162; x_wconf 82' lang='lat' dir='ltr'>iacet</span> <span class='ocrx_word' id='word_1_335' title='bbox 201 4091 307 4172; x_wconf 87' lang='lat' dir='ltr'>atque</span> <span class='ocrx_word' id='word_1_336' title='bbox 332 4074 539 4174; x_wconf 74' lang='lat' dir='ltr'>Margarita</span> <span class='ocrx_word' id='word_1_337' title='bbox 565 4075 769 4153; x_wconf 86' lang='lat' dir='ltr'>extremitas</span> <span class='ocrx_word' id='word_1_338' title='bbox 795 4074 966 4154; x_wconf 86' lang='lat' dir='ltr'>occidua.</span> <span class='ocrx_word' id='word_1_339' title='bbox 993 4073 1049 4149; x_wconf 82' lang='lat' dir='ltr'>lbi</span> <span class='ocrx_word' id='word_1_340' title='bbox 1074 4095 1210 4169; x_wconf 87' lang='lat' dir='ltr'>magno</span> <span class='ocrx_word' id='word_1_341' title='bbox 1236 4067 1312 4149; x_wconf 90' lang='lat' dir='ltr'>usui</span> <span class='ocrx_word' id='word_1_342' title='bbox 1337 4067 1467 4147; x_wconf 75' lang='lat' dir='ltr'>futura</span> <span class='ocrx_word' id='word_1_343' title='bbox 1498 4066 1622 4149; x_wconf 79' lang='lat' dir='ltr'>salina</span> 
     </span>
     <span class='ocr_line' id='line_1_38' title="bbox 84 4173 355 4270; baseline 0.03 -24"><span class='ocrx_word' id='word_1_344' title='bbox 84 4195 227 4270; x_wconf 78' lang='lat' dir='ltr'>reperte</span> <span class='ocrx_word' id='word_1_345' title='bbox 250 4173 355 4254; x_wconf 82' lang='lat' dir='ltr'>sunt.</span> 
     </span>
    </p>

    <p class='ocr_par' dir='ltr' id='par_1_9' title="bbox 505 4302 1386 4487">
     <span class='ocr_line' id='line_1_39' title="bbox 793 4302 905 4384; baseline -0.018 -22"><span class='ocrx_word' id='word_1_346' title='bbox 793 4302 905 4384; x_wconf 80' lang='lat'>1500.</span> 
     </span>
     <span class='ocr_line' id='line_1_40' title="bbox 505 4384 1386 4487; baseline -0.001 -28"><span class='ocrx_word' id='word_1_347' title='bbox 505 4384 675 4465; x_wconf 81' lang='lat' dir='ltr'>Brasrlia.</span> <span class='ocrx_word' id='word_1_348' title='bbox 704 4386 939 4487; x_wconf 86' lang='lat' dir='ltr'>Maragnon.</span> <span class='ocrx_word' id='word_1_349' title='bbox 966 4386 1197 4465; x_wconf 71' lang='lat' dir='ltr'>Terranova.</span> <span class='ocrx_word' id='word_1_350' title='bbox 1384 4475 1386 4479; x_wconf 12' lang='lat' dir='ltr'>v</span> 
     </span>
    </p>

    <p class='ocr_par' dir='ltr' id='par_1_10' title="bbox 81 4472 1629 5282">
     <span class='ocr_line' id='line_1_41' title="bbox 138 4472 1625 4589; baseline 0.004 -32"><span class='ocrx_word' id='word_1_351' title='bbox 138 4481 345 4563; x_wconf 81' lang='lat' dir='ltr'>Vincentius</span> <span class='ocrx_word' id='word_1_352' title='bbox 371 4483 498 4584; x_wconf 86' lang='lat' dir='ltr'>Jafiez&#39;</span> <span class='ocrx_word' id='word_1_353' title='bbox 518 4487 685 4584; x_wconf 86' lang='lat' dir='ltr'>Pinzon,</span> <span class='ocrx_word' id='word_1_354' title='bbox 720 4493 779 4589; x_wconf 88' lang='lat' dir='ltr'>qui</span> <span class='ocrx_word' id='word_1_355' title='bbox 806 4492 844 4565; x_wconf 92' lang='lat' dir='ltr'>in</span> <span class='ocrx_word' id='word_1_356' title='bbox 883 4494 996 4589; x_wconf 86' lang='lat' dir='ltr'>prima</span> <span class='ocrx_word' id='word_1_357' title='bbox 1023 4492 1254 4589; x_wconf 84' lang='lat' dir='ltr'>navigatione</span> <span class='ocrx_word' id='word_1_358' title='bbox 1292 4484 1353 4562; x_wconf 92' lang='lat' dir='ltr'>sub</span> <span class='ocrx_word' id='word_1_359' title='bbox 1377 4472 1524 4562; x_wconf 84' lang='lat' dir='ltr'>Colono</span> <span class='ocrx_word' id='word_1_360' title='bbox 1549 4507 1625 4564; x_wconf 89' lang='lat' dir='ltr'>me·</span> 
     </span>
     <span class='ocr_line' id='line_1_42' title="bbox 81 4587 1625 4690; baseline 0.005 -32"><span class='ocrx_word' id='word_1_361' title='bbox 81 4607 222 4679; x_wconf 74' lang='lat' dir='ltr'>merae,</span> <span class='ocrx_word' id='word_1_362' title='bbox 246 4611 331 4664; x_wconf 90' lang='lat' dir='ltr'>cum</span> <span class='ocrx_word' id='word_1_363' title='bbox 355 4616 398 4665; x_wconf 93' lang='lat' dir='ltr'>ex</span> <span class='ocrx_word' id='word_1_364' title='bbox 425 4588 598 4687; x_wconf 84' lang='lat' dir='ltr'>Hispania</span> <span class='ocrx_word' id='word_1_365' title='bbox 625 4590 772 4668; x_wconf 86' lang='lat' dir='ltr'>solvisset</span> <span class='ocrx_word' id='word_1_366' title='bbox 798 4592 861 4668; x_wconf 92' lang='lat' dir='ltr'>sub</span> <span class='ocrx_word' id='word_1_367' title='bbox 886 4591 995 4669; x_wconf 86' lang='lat' dir='ltr'>finem</span> <span class='ocrx_word' id='word_1_368' title='bbox 1018 4589 1204 4690; x_wconf 90' lang='lat' dir='ltr'>superioris</span> <span class='ocrx_word' id='word_1_369' title='bbox 1230 4587 1466 4683; x_wconf 83' lang='lat' dir='ltr'>Decembris,</span> <span class='ocrx_word' id='word_1_370' title='bbox 1487 4590 1625 4688; x_wconf 89' lang='lat' dir='ltr'>prospe·</span> 
     </span>
     <span class='ocr_line' id='line_1_43' title="bbox 86 4686 1628 4791; baseline 0.005 -33"><span class='ocrx_word' id='word_1_371' title='bbox 86 4686 134 4759; x_wconf 83' lang='lat' dir='ltr'>xit</span> <span class='ocrx_word' id='word_1_372' title='bbox 163 4695 224 4764; x_wconf 85' lang='lat'>26.</span> <span class='ocrx_word' id='word_1_373' title='bbox 249 4686 412 4786; x_wconf 87' lang='lat' dir='ltr'>Januarii</span> <span class='ocrx_word' id='word_1_374' title='bbox 438 4695 620 4791; x_wconf 90' lang='lat' dir='ltr'>quoddam</span> <span class='ocrx_word' id='word_1_375' title='bbox 653 4691 808 4770; x_wconf 75' lang='lat' dir='ltr'>Brasrlioe</span> <span class='ocrx_word' id='word_1_376' title='bbox 844 4693 1163 4791; x_wconf 87' lang='lat' dir='ltr'>promontorium,</span> <span class='ocrx_word' id='word_1_377' title='bbox 1203 4694 1345 4791; x_wconf 93' lang='lat' dir='ltr'>quoda</span> <span class='ocrx_word' id='word_1_378' title='bbox 1380 4690 1628 4769; x_wconf 88' lang='lat' dir='ltr'>consolatione</span> 
     </span>
     <span class='ocr_line' id='line_1_44' title="bbox 89 4784 1628 4897; baseline 0.003 -35"><span class='ocrx_word' id='word_1_379' title='bbox 89 4792 251 4884; x_wconf 81' lang='lat' dir='ltr'>vocavit,</span> <span class='ocrx_word' id='word_1_380' title='bbox 280 4793 456 4893; x_wconf 90' lang='lat' dir='ltr'>totiusque</span> <span class='ocrx_word' id='word_1_381' title='bbox 482 4806 611 4873; x_wconf 71' lang='lat' dir='ltr'>tractus</span> <span class='ocrx_word' id='word_1_382' title='bbox 638 4794 878 4897; x_wconf 82' lang='lat' dir='ltr'>posleffronem</span> <span class='ocrx_word' id='word_1_383' title='bbox 904 4797 992 4874; x_wconf 88' lang='lat' dir='ltr'>adiit</span> <span class='ocrx_word' id='word_1_384' title='bbox 1019 4821 1084 4894; x_wconf 92' lang='lat' dir='ltr'>pro</span> <span class='ocrx_word' id='word_1_385' title='bbox 1107 4791 1270 4871; x_wconf 84' lang='lat' dir='ltr'>Castellae</span> <span class='ocrx_word' id='word_1_386' title='bbox 1294 4818 1405 4891; x_wconf 81' lang='lat' dir='ltr'>regno</span> <span class='ocrx_word' id='word_1_387' title='bbox 1429 4847 1439 4867; x_wconf 84' lang='lat'><strong>.</strong></span> <span class='ocrx_word' id='word_1_388' title='bbox 1465 4784 1628 4869; x_wconf 85' lang='lat' dir='ltr'>Lusrrani</span> 
     </span>
     <span class='ocr_line' id='line_1_45' title="bbox 85 4891 1626 4999; baseline 0.004 -37"><span class='ocrx_word' id='word_1_389' title='bbox 85 4913 167 4967; x_wconf 89' lang='lat' dir='ltr'>vero</span> <span class='ocrx_word' id='word_1_390' title='bbox 200 4917 434 4972; x_wconf 82' lang='lat' dir='ltr'>commutato</span> <span class='ocrx_word' id='word_1_391' title='bbox 472 4902 661 4994; x_wconf 60' lang='lat' dir='ltr'>nomine,</span> <span class='ocrx_word' id='word_1_392' title='bbox 693 4902 915 4999; x_wconf 80' lang='lat' dir='ltr'>appellarunt</span> <span class='ocrx_word' id='word_1_393' title='bbox 952 4897 1238 4998; x_wconf 91' lang='lat' dir='ltr'>promontorium</span> <span class='ocrx_word' id='word_1_394' title='bbox 1274 4921 1295 4970; x_wconf 90' lang='lat' dir='ltr'>a</span> <span class='ocrx_word' id='word_1_395' title='bbox 1332 4897 1368 4970; x_wconf 88' lang='lat' dir='ltr'>S.</span> <span class='ocrx_word' id='word_1_396' title='bbox 1406 4891 1626 4990; x_wconf 83' lang='lat' dir='ltr'>Augustin0.</span> 
     </span>
     <span class='ocr_line' id='line_1_46' title="bbox 89 4989 1628 5102; baseline -0.003 -28"><span class='ocrx_word' id='word_1_397' title='bbox 89 4989 171 5066; x_wconf 71' lang='lat' dir='ltr'>Allo</span> <span class='ocrx_word' id='word_1_398' title='bbox 196 5014 323 5076; x_wconf 85' lang='lat' dir='ltr'>autem</span> <span class='ocrx_word' id='word_1_399' title='bbox 341 5000 405 5076; x_wconf 83' lang='lat' dir='ltr'>die</span> <span class='ocrx_word' id='word_1_400' title='bbox 442 4998 532 5076; x_wconf 78' lang='lat' dir='ltr'>vitus</span> <span class='ocrx_word' id='word_1_401' title='bbox 560 4999 623 5074; x_wconf 77' lang='lat' dir='ltr'>sibi</span> <span class='ocrx_word' id='word_1_402' title='bbox 656 5001 705 5077; x_wconf 78' lang='lat' dir='ltr'>est</span> <span class='ocrx_word' id='word_1_403' title='bbox 731 5000 919 5078; x_wconf 84' lang='lat' dir='ltr'>Pinzonius</span> <span class='ocrx_word' id='word_1_404' title='bbox 946 5003 1062 5102; x_wconf 86' lang='lat' dir='ltr'>videre</span> <span class='ocrx_word' id='word_1_405' title='bbox 1098 4994 1323 5099; x_wconf 70' lang='lat' dir='ltr'>copiosissimi</span> <span class='ocrx_word' id='word_1_406' title='bbox 1355 4992 1538 5086; x_wconf 84' lang='lat' dir='ltr'>cujusdam</span> <span class='ocrx_word' id='word_1_407' title='bbox 1555 4992 1628 5071; x_wconf 85' lang='lat' dir='ltr'>flu-</span> 
     </span>
     <span class='ocr_line' id='line_1_47' title="bbox 84 5093 1629 5282; baseline 0.004 -114"><span class='ocrx_word' id='word_1_408' title='bbox 84 5094 190 5172; x_wconf 87' lang='lat' dir='ltr'>minis</span> <span class='ocrx_word' id='word_1_409' title='bbox 227 5124 294 5202; x_wconf 80' lang='lat' dir='ltr'>os,</span> <span class='ocrx_word' id='word_1_410' title='bbox 321 5104 580 5205; x_wconf 86' lang='lat' dir='ltr'>appellavitque</span> <span class='ocrx_word' id='word_1_411' title='bbox 605 5102 824 5182; x_wconf 78' lang='lat' dir='ltr'>Marafion.</span> <span class='ocrx_word' id='word_1_412' title='bbox 863 5104 999 5184; x_wconf 89' lang='lat' dir='ltr'>Verum</span> <span class='ocrx_word' id='word_1_413' title='bbox 1023 5103 1159 5282; x_wconf 81' lang='lat' dir='ltr'>policaB</span> <span class='ocrx_word' id='word_1_414' title='bbox 1171 5120 1395 5198; x_wconf 87' lang='lat' dir='ltr'>compertum</span> <span class='ocrx_word' id='word_1_415' title='bbox 1418 5093 1487 5215; x_wconf 69' lang='lat' dir='ltr'>esi,</span> <span class='ocrx_word' id='word_1_416' title='bbox 1521 5100 1629 5175; x_wconf 89' lang='lat' dir='ltr'>mini-</span> 
     </span>
    </p>

    <p class='ocr_par' dir='ltr' id='par_1_11' title="bbox 1516 5221 1576 5277">
     <span class='ocr_line' id='line_1_48' title="bbox 1516 5221 1576 5277; baseline 0.05 -3"><span class='ocrx_word' id='word_1_417' title='bbox 1516 5221 1576 5277; x_wconf 65' lang='lat' dir='ltr'>me</span> 
     </span>
    </p>
   </div>
   <div class='ocr_carea' id='block_1_5' title="bbox 1611 5356 1635 5391">
    <p class='ocr_par' dir='ltr' id='par_1_12' title="bbox 1611 5356 1635 5391">
     <span class='ocr_line' id='line_1_49' title="bbox 1611 5356 1635 5391; baseline 0 0"><span class='ocrx_word' id='word_1_418' title='bbox 1611 5356 1635 5391; x_wconf 63' lang='grc' dir='ltr'><strong><em>Ρ</em></strong></span> 
     </span>
    </p>
   </div>
   <div class='ocr_carea' id='block_1_6' title="bbox 0 0 1955 5686">
    <p class='ocr_par' dir='ltr' id='par_1_13' title="bbox 0 0 1955 5686">
     <span class='ocr_line' id='line_1_50' title="bbox 0 0 1955 5686; baseline 0 0"><span class='ocrx_word' id='word_1_419' title='bbox 0 0 1955 5686; x_wconf 95' lang='lat' dir='ltr'> </span> 
     </span>
    </p>
   </div>
  </div>
 </body>
</html>
