3864 5686
571 360 577 388 ¹
657 383 1214 488 ‚nortonars
1662 416 1683 496 5

199 530 279 624 eil,
311 526 367 605 ita
416 521 602 601 vulturina
646 525 751 601 molis
795 528 831 601 dt
867 547 987 604 motus
1023 527 1254 606 descrbendae
1293 528 1452 606 tarditati
1486 529 1623 630 prorsus
1660 535 1736 612 ine·

227 658 323 712 tum.
352 631 368 660 ¹
1560 660 1577 701 Δ
1683 640 1689 649 ’

203 663 307 812 prib
332 732 495 808 Azorum
519 726 655 822 insula,
679 753 757 827 quac
783 752 803 803 a
828 728 1015 810 Lusitania
1050 730 1211 833 professis
1235 735 1372 809 ordine
1400 739 1556 811 occurrit
1592 741 1736 839 tertia,

198 862 337 942 quasque
376 836 470 910 inter
483 832 651 930 -seliquas
684 833 844 932 princeps
869 835 1037 928 eminet,
1072 857 1245 911 vocantur
1270 858 1395 912 omnes
1412 840 1631 914 Tertiariae.
1667 842 1740 918 Hae

197 947 388 1018 dumtaxat
416 962 437 1011 a
462 932 786 1010 Commendatario
811 932 891 1010 sunt
916 940 1109 1037 recognitas
1135 938 1267 1033 Fayal,
1294 938 1426 1031 Pycus,
1451 938 1489 1014 S.
1517 938 1731 1038 Georgius,

198 1043 400 1131 Tertiaria,
425 1034 617 1128 Gratiosa,
642 1035 928 1131 Sanda-Maria,
954 1044 990 1117 bt
1015 1039 1051 1115 S.
1073 1038 1256 1121 Michael.
1283 1039 1464 1117 Postrema
1484 1040 1560 1116 haec
1586 1043 1733 1121 celebris

199 1147 249 1224 est
275 1171 295 1221 a
320 1144 485 1242 praeclara
512 1139 683 1232 victoria,
708 1164 817 1236 quam
843 1141 882 1214 in
908 1143 1025 1217 navali
1053 1167 1168 1240 pugna
1192 1168 1288 1218 anno
1319 1140 1429 1241 1582.
1452 1141 1621 1220 Marchio
1648 1172 1669 1223 a
1692 1146 1732 1223 S.

197 1249 309 1326 Crucc
334 1247 378 1321 de
404 1243 454 1320 D.
483 1240 644 1317 Antonio
670 1240 718 1316 ad
743 1239 933 1317 Lusitaniae
956 1267 1106 1344 regnum
1131 1242 1305 1344 aspirante
1331 1246 1545 1344 reportavit.
1573 1246 1733 1325 Flotezia

199 1348 413 1430 &Corvina
440 1343 573 1443 aliquot
601 1340 677 1442 post
703 1366 816 1420 annos
840 1344 921 1420 sunt
946 1349 1097 1444 agnitas.
1124 1342 1312 1423 Tertiariat
1336 1371 1481 1441 omnes,
1507 1371 1591 1424 eum
1618 1350 1731 1426 adeas

203 1452 330 1550 appulit
357 1446 486 1537 Velio,
511 1445 756 1520 incolebantur
781 1472 803 1522 a
829 1448 994 1542 nemine,
1020 1446 1047 1523 sr
1074 1449 1185 1528 modo
1210 1447 1380 1543 Fayaletn
1405 1451 1580 1550 excipias,
1603 1451 1641 1525 in
1661 1449 1732 1528 hae

199 1556 292 1630 enim
318 1550 366 1628 ad
390 1547 548 1624 fluminis
571 1548 685 1648 ripam
710 1549 829 1624 coloni
855 1550 989 1627 inventi
1012 1548 1095 1627 sunt
1119 1553 1221 1653 pauci
1234 1549 1373 1648 Belgae,
1398 1554 1457 1649 qui
1485 1573 1569 1629 ante
1596 1551 1734 1630 annum'

203 1677 333 1755 1439.,
361 1657 400 1728 in
424 1675 497 1752 quo
523 1649 731 1726 adinventas
755 1650 888 1728 Azores
915 1655 1034 1731 audior
1058 1654 1108 1731 est
1134 1653 1305 1746 Boterus,
1331 1652 1426 1728 sedes
1451 1654 1522 1728 illic
1548 1653 1676 1732 fixere.
1718 1680 1733 1723 ..
1786 1682 1793 1705 ι

249 1756 343 1833 lllud
371 1780 456 1830 vero
483 1775 558 1827 non
574 1755 885 1929 praetereundum,
913 1783 935 1833 a
962 1757 1089 1833 florea
1115 1758 1278 1833 videlicet
1303 1761 1339 1834 dt
1363 1753 1544 1847 Corvina,
1569 1782 1646 1856 quae
1666 1755 1734 1834 sub

197 1862 326 1938 codem
349 1857 550 1935 meridiano
589 1877 677 1949 unt,
703 1859 935 1958 longitudinis
961 1860 1088 1957 gradus
1114 1882 1321 1936 enumerare
1346 1855 1482 1958 coepisse
1518 1856 1736 1954 Lusitanos,

196 1964 290 2063 quod
316 1983 358 2039 ut
384 1957 447 2060 ipfi
470 1959 614 2060 quidem
635 1958 795 2052 aiebant,
821 1957 1055 2037 observassent
1081 1963 1325 2058 magneticam
1347 1984 1453 2036 acum
1479 1960 1524 2035 ad
1542 1963 1665 2059 polum
1687 1961 1735 2037 ibi

198 2068 288 2143 resia
314 2064 442 2162 dirigi.
469 2063 520 2137 At
546 2061 747 2152 hujusmodi
784 2059 1069 2139 observationem
1106 2062 1270 2140 salsitatis
1304 2064 1483 2138 evicerunt
1509 2064 1603 2156 alii,
1639 2062 1734 2164 quod

200 2171 250 2243 vel
276 2164 341 2267 ipss
365 2162 528 2242 Lusitani
555 2161 708 2263 probasse
736 2165 926 2259 videntur,
954 2163 1147 2242 constituto
1183 2167 1347 2262 deinceps
1381 2165 1498 2262 primo
1532 2164 1735 2242 meridiano
1802 2174 1807 2186 '

199 2273 236 2346 in
259 2269 370 2360 Pico,
395 2293 473 2367 quac
497 2265 658 2343 Azorum
684 2269 771 2342 item
797 2265 910 2343 insula
934 2266 1005 2343 est.
1041 2265 1085 2342 ld
1109 2265 1255 2367 quodsi
1290 2266 1416 2342 Gallos
1441 2267 1593 2365 excipias
1617 2321 1629 2360 ,
1654 2268 1736 2342 reli-

200 2372 459 2470 quaenationes
483 2366 634 2469 sequutae
658 2367 758 2444 sunt.
785 2369 933 2462 Gallos,
961 2371 1130 2468 inquam,
1158 2371 1182 2443 ii
1206 2370 1305 2443 enim
1330 2394 1353 2444 a
1378 2365 1530 2460 Ferrea,
1556 2393 1633 2468 quae
1657 2392 1731 2446 una

197 2473 248 2549 est
272 2472 477 2550 eCanariis
495 2473 712 2550 meridianos
737 2471 886 2548 circulos
904 2474 1111 2547 enbmerare
1130 2471 1328 2568 incipiunt.
1356 2468 1371 2499 *
1389 2467 1467 2545 Nec
1489 2471 1607 2546 minus
1625 2494 1735 2569 quarn

196 2573 328 2652 Ferrea
349 2576 393 2650 de
416 2573 581 2651 Canariis
606 2573 656 2650 est
680 2573 782 2648 Picus
807 2576 895 2652 alias
920 2569 1112 2667 Tenerise,
1138 2597 1214 2650 non
1239 2591 1360 2651 autem
1396 2593 1440 2648 ex
1459 2570 1666 2666 Azoribus,
1691 2590 1734 2650 ut
1773 2601 1777 2609 ·

201 2677 336 2753 author
357 2674 416 2753 hic
442 2681 478 2757 dt
502 2674 655 2776 superius
681 2675 818 2752 tradit.
847 2677 861 2708 *
1672 2774 1675 2779 Ι

245 2777 293 2852 sn
308 2777 483 2874 ,Corvino
520 2782 725 2857 inventione
759 2779 921 2880 equestris
954 2780 1070 2859 statua
1107 2799 1242 2881 reperta
1278 2779 1329 2858 eii
1365 2781 1501 2857 incerta
1534 2777 1727 2876 materia,

193 2872 303 2982 quadi
326 2879 416 2957 basrs
440 2907 514 2958 non
540 2886 654 2983 magis
679 2902 768 2959 nota
793 2882 1028 2960 sustentabat.
1056 2883 1101 2959 In
1126 2885 1195 2962 hac
1222 2884 1343 2960 arcani
1367 2882 1514 2984 quidam
1551 2879 1732 2958 chanete-

192 2976 249 3084 κβ
269 2984 391 3059 caelati
417 2981 637 3079 visebantur,
664 3010 729 3063 nec
757 2983 861 3062 subiit
888 2988 1050 3062 animum
1072 3012 1158 3063 cura
1184 3011 1246 3061 eos
1268 2981 1483 3061 asservandi.
1509 2980 1636 3083 Longe
1661 2986 1733 3060 alla

196 3083 307 3162 sames
334 3109 380 3159 eo
406 3084 652 3180 ndvigantium
678 3089 816 3160 animos
841 3086 1058 3165 incesserat.
1095 3085 1205 3185 Qrod
1232 3087 1278 3163 ad
1301 3089 1459 3187 equitem
1495 3087 1646 3179 attinet,
1671 3085 1733 3161 hie

195 3187 349 3286 aspectis
375 3185 469 3258 illius
505 3180 607 3258 sitisse
641 3182 803 3273 dicitur,
838 3189 984 3261 dextera
1008 3187 1141 3262 scilicet
1173 3213 1284 3262 manu
1310 3189 1355 3262 ad
1381 3187 1577 3262 occidentis
1613 3189 1734 3283 plagas

191 3292 283 3365 elata
310 3280 586 3360 demonstrantis
611 3282 739 3375 instar',
764 3305 876 3358 novas
902 3289 988 3357 illuc
1011 3287 1215 3382 quaerendas
1240 3290 1431 3385 regiones.
1469 3286 1531 3359 De
1557 3286 1659 3376 novis
1683 3284 1732 3361 se·

578 1768 581 1775 a

189 3391 291 3466 dibus
315 3389 353 3463 in
380 3385 552 3461 Azoribus
577 3373 722 3482 figendis
745 3387 911 3460 omnium
946 3385 1079 3484 primus
1115 3384 1288 3482 cogitavit
1312 3380 1652 3466 commendatarius
1687 3387 1733 3466 de
1845 3421 1860 3445 ι

194 3494 407 3583 Almauros,
432 3493 469 3568 dt
492 3513 531 3564 re
556 3489 701 3587 quidem
727 3511 809 3566 vera
834 3513 895 3564 eas
920 3484 1094 3563 aedificare
1120 3488 1245 3586 coepit.

907 3616 921 3664 r
980 3617 1017 3685 9.

519 3690 751 3790 Hesperides,
776 3697 877 3793 Long.
908 3614 1047 3769 illac.
1078 3715 1265 3772 ro.·-2o.
1292 3694 1412 3772 boreal.

244 3797 427 3875 Antonius
451 3795 553 3872 Nolli
578 3792 777 3871 Genuensrs
801 3793 956 3872 Infantis
981 3820 1023 3872 ac
1062 3795 1178 3874 Ducis
1210 3801 1254 3874 de
1278 3796 1387 3874 Viseo
1412 3795 1462 3874 D.
1491 3795 1637 3878 Hemici
1673 3823 1734 3876 au·

195 3898 308 3999 spiclis
334 3897 463 3977 insulas
490 3922 513 3974 a
539 3898 657 3983 Viridi
680 3895 936 3974 Promontorio
961 3894 1182 3999 nuncupatas
1207 3900 1362 3997 detegit:
1392 3899 1611 3999 primamque
1641 3901 1731 3976 dixit

197 4005 355 4100 Maiam,
381 4000 477 4100 quod
501 3999 611 4093 Maio
630 4001 775 4078 ineunte
802 4002 955 4075 adeam
987 3997 1213 4076 descendisset
1238 4029 1249 4092 3
1287 4000 1421 4075 duabus
1446 4012 1612 4099 praeter‘ea
1647 3996 1733 4100 quial

196 4106 318 4179 cadem
344 4099 561 4177 excensionis
587 4102 643 4178 die
669 4098 868 4201 prospexit,
894 4103 977 4178 huic
1016 4130 1037 4178 a
1069 4103 1108 4179 ’8.
1136 4102 1299 4203 Phiiippo
1325 4100 1411 4178 secit
1450 4125 1605 4196 nomen,
1632 4103 1733 4181 illia

196 4203 235 4279 S.
261 4204 414 4295 lacobo,
442 4232 462 4279 a
488 4202 573 4278 festa
598 4205 770 4298 nimitum
794 4206 867 4295 ejus
891 4205 961 4281 diei
986 4206 1184 4282 memoria.
1221 4207 1382 4304 Reliqua
1406 4227 1490 4280 vero
1525 4205 1622 4280 haud
1646 4228 1732 4280 con·

198 4304 304 4377 tinuo
327 4307 358 4382 se
382 4303 561 4383 Lusitanis
587 4327 828 4406 aperuerunt,
862 4309 921 4384 sed
958 4313 1094 4409 aliquot
1131 4306 1205 4409 post
1242 4335 1354 4383 annos
1388 4307 1597 4400 duntaxat,
1636 4332 1734 4384 anno
1833 4384 1836 4389 .

194 4429 329 4503 nempe
356 4418 485 4507 ¹4⁶0·›
523 4434 640 4508 aquo
666 4410 792 4485 incolis
828 4408 969 4486 deserrae
995 4412 1118 4487 Insulae
1154 4409 1369 4510 frequentari
1408 4431 1526 4507 caeptae
1561 4408 1664 4486 sunt.
1690 4406 1732 4484 P.

195 4504 306 4582 Iarric
334 4506 425 4586 falso
451 4509 614 4587 adscribit
639 4510 768 4588 harum
794 4511 988 4588 insularum
1016 4516 1260 4589 inventionem
1288 4510 1466 4587 Lusitanis
1492 4537 1589 4588 anno
1610 4517 1729 4613 '1446.
1776 4596 1780 4603 ,

196 4607 269 4685 Noc
295 4636 377 4687 vere
402 4617 517 4714 tnagis
542 4615 644 4704 huius
668 4615 884 4690 inventionis
918 4617 1062 4697 laudem
1096 4618 1159 4691 dat
1195 4614 1363 4692 Sanutius
1396 4612 1581 4692 Ludovico
1617 4613 1733 4690 Cada-

194 4711 307 4788 mollo
332 4713 446 4792 nobili
471 4716 610 4793 Veneto
637 4716 824 4816 ablegato,
849 4736 891 4792 ut
928 4714 997 4813 ipse
1022 4718 1165 4818 quidem
1202 4716 1356 4794 affirmat
1379 4772 1391 4811 ,
1418 4714 1520 4793 novis
1554 4718 1655 4792 terris
1680 4717 1733 4788 in·

194 4816 374 4890 veniendis
401 4845 421 4899 a
448 4820 546 4916 regio
572 4817 715 4895 Insante
754 4816 980 4912 Lusitaniae,
1018 4819 1082 4894 nist
1119 4821 1236 4894 dicere
1261 4821 1337 4919 quis
1362 4821 1447 4907 velit
1487 4814 1628 4894 classem
1654 4836 1733 4913 quac

197 4936 289 4991 anno
320 4927 432 5018 1446.
459 4947 519 4997 eas
544 4921 633 4995 vidit
658 4920 820 5016 insulas,
857 4949 933 5023 quac
968 4926 1012 4997 ad
1038 4923 1140 4999 Nolli
1176 4923 1400 5021 conspcslum
1433 4925 1594 4998 nondum
1630 4939 1731 4992 vene·

194 5038 296 5115 rant,
324 5023 403 5096 vela
429 5020 545 5099 secisse
571 5023 632 5098 sub
657 5021 907 5100 Cadamosto.
944 5025 1056 5099 Varia¹
1081 5030 1118 5103 br
1143 5026 1329 5121 multiplex
1353 5018 1402 5096 est
1436 5022 1628 5098 authorum
1654 5020 1731 5116 opi-

195 5119 584 5209 niodehislnsulis:
622 5127 730 5229 aliqui
760 5123 1041 5222 cnimeasetse
1071 5122 1534 5224 existimant,quasolim
1567 5130 1731 5300 &gemm

892 5231 914 5257 “·
1530 5250 1618 5304 voca
1667 5242 1684 5300 t
