3864 5686
532 302 1040 387 Avo-sionem.
1097 332 1204 407 1500.
1260 320 1370 409 1563.
1603 332 1672 407 125

292 438 382 525 Non
404 446 559 524 multum
583 448 678 523 abest
701 448 857 525 Hertera
883 452 957 539 (a)
981 450 1069 525 dum
1094 451 1169 547 ait:
1194 452 1225 525 Υ
1236 476 1330 523 como
1354 451 1408 526 los
1433 448 1556 527 Indioe
1595 451 1718 527 renim

198 542 381 625 conforme
418 550 441 623 d
476 545 515 623 su
539 551 736 649 gentilidad
763 550 912 626 muchas
947 575 1144 650 mugeter‚
1180 550 1278 626 huto
1302 575 1391 649 gran
1415 552 1510 627 duda
1546 567 1647 627 entre
1671 556 1725 627 ios

196 648 377 747 religiosos
414 674 484 725 con
518 654 602 751 qual
638 652 683 726 de
708 654 795 727 elias
818 653 910 727 cada
945 678 1020 727 uno
1034 650 1079 729 -sc
1103 652 1213 728 haria
1237 654 1283 727 de
1308 654 1439 743 velat,
1478 675 1610 749 porque
1636 674 1721 729 ante

196 752 297 827 rodas
322 747 422 825 cosas
445 775 531 827 eran
557 752 780 851 persuadidos
806 757 826 828 a
863 754 968 829 hacer
994 754 1074 829 vida
1100 761 1171 829 con
1207 778 1279 829 una
1304 753 1379 829 sola
1419 750 1606 829 conforme
1643 755 1726 831 dia

194 850 322 953 picdad
347 852 550 929 catholica.⁸
578 852 612 931 Y
637 878 684 928 en
707 854 781 931 esto
806 852 833 929 fi
857 857 912 929 lor
945 852 1129 953 religiosos
1154 856 1318 931 tuvieran
1354 874 1478 930 entera
1514 856 1651 931 noticia
1679 855 1725 931 de

192 956 242 1029 los
268 953 360 1027 ritui
392 953 438 1028 de
457 950 517 1029 sus
553 956 839 1049 matrimonios,
871 980 919 1030 no
945 954 1235 1047 huvieraduda,
1262 978 1441 1053 puerum
1475 954 1551 1029 sola
1587 958 1725 1053 mugiet

192 1072 250 1131 tra
276 1074 379 1139 entre
410 1054 496 1130 eilas
520 1056 558 1131 ia
584 1058 791 1155 {legitima,
826 1058 925 1147 uias
949 1055 1072 1133 demas
1096 1079 1184 1131 eran
1217 1054 1418 1131 mancebas.
1453 1052 1561 1132 Forte
1591 1056 1725 1145 judica·

191 1176 275 1233 runt
298 1152 453 1255 religiosi
477 1156 564 1250 viri,
590 1160 629 1231 in
652 1157 805 1233 barbaris
829 1158 1023 1233 mexicanis
1045 1180 1120 1233 non
1142 1152 1209 1231 eise
1238 1182 1319 1233 vera
1344 1158 1601 1249 matrimonia,
1625 1156 1723 1256 quod

191 1258 230 1335 de
255 1256 452 1354 Grrarnniis
467 1256 703 1356 Paragueriae.
731 1256 944 1355 dpluribus
977 1258 1175 1347 judicatum
1209 1256 1291 1351 est,
1330 1276 1372 1334 ut
1398 1259 1478 1333 vide
1504 1255 1599 1333 infra
1633 1256 1725 1333 Ord.

194 1380 279 1461 305.
308 1358 477 1455 Fadirque
509 1360 605 1455 quod
630 1362 653 1433 i
689 1358 951 1455 Tiorquemada·
966 1358 1039 1449 (d)
1066 1358 1216 1435 traditur
1240 1384 1302 1457 per
1325 1358 1401 1435 haec
1429 1358 1571 1441 verbae„
1594 1360 1724 1435 Verdad

191 1460 422 1639 tuitii:
442 1456 1230 1659 giiii*13⁰ti3¹⁰s.‘¹⁶..i2533⁰⁰n.tt.‘
1259 1463 1415 1637 titire
1441 1460 1724 1661 ἒμῖἳῗιῗῗῗ

190 1684 255 1763 que
280 1662 328 1737 de
354 1662 434 1759 equi
457 1680 625 1738 tomaron
645 1663 794 1761 algunos
816 1664 972 1738 motitur
987 1664 1040 1759 'de
1064 1660 1314 1761 affirmatque
1338 1682 1438 1737 entre
1462 1664 1515 1739 lor
1540 1658 1723 1738 Indiosno

190 1763 303 1840 havia
327 1764 585 1855 matrimonio,
611 1788 696 1861 peto
719 1760 842 1845 consta
866 1759 919 1839 ser
943 1758 1034 1837 falso
1059 1788 1122 1861 por
1147 1767 1185 1839 lo
1209 1786 1277 1862 que
1301 1760 1411 1839 desua
1436 1766 1724 1839 ceremoniasde-

190 1864 450 1959 jamosduhu.
471 1860 605 1959 Quoad
641 1862 846 1964 praesentem
869 1864 1168 1960 ordinationem,
1194 1884 1292 1962 patet
1317 1890 1361 1942 ex
1387 1884 1557 1940 contextu
1584 1862 1724 1963 permis·

194 1966 332 2043 smnenr
364 1956 598 2045 contrahendi
620 1992 704 2045 cum
741 1991 810 2065 que
837 1964 978 2057 liberet,
1008 1988 1083 2042 non
1106 1968 1153 2049 in¹
1171 1968 1307 2043 timum
1317 1966 1543 2065 ignoratione
1554 1963 1725 2055 tundari,

192 2068 249 2147 sed
272 2065 349 2141 fieri
377 2066 519 2142 tannim
544 2093 608 2167 pro
630 2065 710 2142 casu
729 2092 801 2165 quo
825 2066 904 2143 sciri
930 2090 1005 2141 non
1029 2064 1141 2167 posset
1175 2092 1340 2167 quanam
1374 2064 1458 2145 effet
1491 2090 1535 2143 ex
1562 2066 1728 2167 :pluribus

219 2194 308 2245 rima
334 2194 508 2261 connire.-
826 2240 829 2245 ,
1079 2242 1082 2247 ,
1132 2208 1135 2213 ·

196 2198 217 2271 p
245 2274 344 2361 (111)
369 2274 524 2349 Primam
546 2273 712 2347 retineant
739 2275 817 2351 aliis
842 2272 995 2365 dimittis.
1022 2272 1108 2368 Arg.
1132 2268 1224 2367 Cap.
1250 2272 1474 2361 caumas,
1509 2272 1546 2345 de
1579 2270 1724 2347 Diuort.
1842 2306 1850 2319 =

197 2372 263 2448 rbi:
289 2374 331 2447 Si
351 2398 498 2473 paganus
523 2374 617 2472 prius
639 2377 754 2474 plnres
774 2398 905 2449 uxores
927 2372 1101 2465 habebat,
1127 2372 1204 2471 post
1239 2370 1346 2449 fidem
1380 2371 1575 2468 susceptam
1611 2370 1728 2447 adluat·

197 2476 283 2551 rebit
306 2477 444 2575 prinae.
472 2474 520 2551 Et
556 2478 651 2552 ratio
684 2474 734 2551 est
759 2530 771 2567 ,
794 2475 1105 2575 quie-conjugium
1131 2498 1213 2549 cum
1238 2476 1351 2571 prima
1386 2472 1594 2571 supponitur
1623 2468 1728 2545 'nine

198 2578 417 2669 contuitus,
442 2602 518 2655 non
541 2576 686 2675 quidem
709 2574 997 2669 sacramentalia,
1025 2574 1160 2653 validus
1188 2594 1308 2651 tamen
1335 2574 1598 2670 bilegrimus,
1624 2598 1668 2648 cu
1676 2570 1736 2659 jur

198 2678 364 2775 obligatio
390 2679 554 2753 imminet
578 2680 692 2759 eriam
715 2676 1052 2777 poii.bapti[rnnm·,
1078 2706 1136 2773 qur
1154 2702 1221 2750 non
1255 2678 1417 2751 tolluntur
1446 2674 1634 2773 conjugia,
1668 2670 1728 2765 sed

200 2780 357 2873 cedrina,
383 2800 423 2855 ut
448 2781 487 2855 in
512 2780 573 2855 cit.
600 2806 678 2877 cap.
703 2780 854 2861 habetur
878 2833 889 2853 ·
915 2780 1029 2855 Addit
1052 2776 1092 2857 Ρ.
1119 2776 1250 2855 Acosta
1287 2784 1377 2867 (c):
1412 2776 1508 2891 Quod
1534 2778 1568 2861 ſs
1602 2775 1726 2873 prima

200 2904 285 2957 uror
309 2878 490 2973 abest‚·&
513 2880 846 2979 baptizaridiffert,
882 2880 1000 2956 licebit
1034 2904 1081 2954 ex
1113 2879 1191 2954 aliis
1215 2904 1323 2979 quarn
1360 2878 1445 2951 velit
1468 2872 1637 2968 sumere,
1674 2876 1726 2949 ita

201 2980 411 3057 eoncedente
436 2980 503 3057 Pio
529 2982 574 3053 V.
600 2979 774 3057 Pontiiice
799 2981 989 3071 Maximo,
1015 2982 1076 3080 qui
1100 2982 1203 3055 nullo
1229 2982 1341 3065 modo
1367 2974 1582 3055 Innocentio
1594 2976 1729 3053 Tettio

200 3084 394 3161 contrarius
419 3078 481 3167 ιβ.
509 3081 602 3153 Vide
626 3080 718 3155 infra
742 3082 833 3155 Ord.
863 3102 955 3177 131.
979 3088 1085 3175 161,
1111 3082 1148 3159 dr
1171 3080 1381 3171 73.Adnot.
1407 3101 1444 3174 4.
1457 3078 1504 3153 ad
1515 3077 1637 3167 object.
1664 3094 1723 3172 13.

241 3186 344 3277 (tv)
368 3184 443 3257 Non
466 3182 681 3257 excludantur
709 3237 718 3253 .
743 3182 803 3257 Ad
827 3180 929 3257 usum
955 3181 1057 3271 hujus
1083 3181 1254 3278 privilegii
1279 3203 1355 3253 non
1392 3179 1581 3276 requiritur
1619 3176 1725 3253 cause

202 3288 268 3363 rdia
293 3306 405 3382 quarn
428 3308 504 3381 qute
530 3280 740 3357 Pontificem
765 3283 878 3357 movit
913 3303 954 3357 ut
990 3282 1222 3372 concederet,
1249 3278 1337 3355 ficut
1373 3279 1420 3354 ad
1444 3276 1548 3353 usum
1584 3274 1727 3351 conces-

202 3386 301 3463 iionir
326 3385 460 3460 condis
484 3382 642 3461 fidelibus
658 3382 784 3475 ,salim
809 3404 849 3457 ur
875 3384 912 3457 in
937 3384 1064 3481 quinto
1086 3384 1223 3479 gradu,
1272 3379 1345 3455 uod
1372 3378 1565 3479 aliquando
1589 3375 1738 3455 fuitve·

198 3490 301 3565 titum
328 3540 341 3579 ,
368 3484 495 3586 poss'mr
518 3486 752 3577 contrahere,
777 3485 876 3561 nulia
902 3482 1090 3580 requiritur
1114 3482 1218 3559 causa
1244 3406 1401 3579 {otialis
1436 3481 1474 3555 in
1512 3478 1729 3556 contrahen-

198 3590 303 3667 tibus.
331 3586 392 3663 Ita
416 3611 458 3661 ex
484 3586 722 3679 Veracrucii,
759 3592 795 3663 dr
830 3584 1014 3663 communi
1049 3582 1222 3661 sententia
1248 3582 1306 3659 Fr.
1340 3580 1494 3679 Joatuies
1520 3579 1725 3681 :Baptista,

196 3692 343 3791 quanvis
369 3691 472 3764 aliter
495 3689 759 3786 praedicaverint
783 3687 948 3763 nonnulli
973 3684 1141 3784 parochi,
1176 3708 1330 3785 quorum
1367 3686 1613 3781 ignorantiam
1651 3706 1731 3759 car-

195 3795 311 3869 minat
339 3789 537 3867 Auendario
561 3790 655 3879 (d).
681 3790 774 3865 Vide
800 3786 892 3865 infra
918 3809 1014 3865 anno
1043 3796 1153 3883 1561.
1184 3786 1243 3861 28.
1268 3782 1348 3879 Jan.
1376 3785 1527 3861 Adnot.
1540 3802 1576 3879 3.

243 3898 330 3985 (v)
356 3896 498 3967 Ceteros
522 3892 611 3965 dies.
636 3890 899 3987 Deobligantur
923 3889 944 3961 d
969 3886 1100 3982 ieiunio
1124 3884 1205 3961 Indi
1233 3886 1270 3959 in
1295 3886 1429 3961 caeteris
1453 3900 1580 3981 preter
1595 3882 1730 3959 ..nomi-

194 4020 301 4073 natos
327 3993 470 4085 diebus,
496 4019 571 4067 non
595 4013 635 4071 ut
661 3993 765 4067 edere
789 3988 918 4089 poffint
944 4012 1066 4062 carnes
1094 3994 1129 4065 dr
1154 3986 1354 4076 laurentia,
1378 3984 1424 4059 de
1449 3982 1573 4080 quibus
1610 3981 1732 4080 poster

192 4092 235 4173 fit
259 4094 435 4171 conceffio
459 4095 637 4185 limitata,
673 4090 732 4167 sed
767 4090 885 4191 quoad
920 4090 1098 4169 unitatem
1127 4084 1358 4163 comestionis
1376 4136 1398 4158 .·
1425 4080 1530 4162 Unde
1565 4080 1731 4179 synodus

193 4195 391 4274 dimcesana
417 4194 590 4271 Lirncniis
617 4196 700 4270 anni
730 4194 837 4292 1585.
865 4194 886 4267 d
911 4190 948 4267 S.
971 4188 1123 4267 Toribio
1143 4187 1317 4265 celebrata
1349 4184 1472 4263 statuit
1495 4189 1582 4275 (e'):
1610 4186 1730 4275 Indus,

193 4299 258 4395 qui
282 4318 442 4396 ternpore
462 4294 770 4397 quadragesimae,
802 4313 959 4393 quatuor
994 4290 1208 4391 temporibus
1246 4312 1308 4367 aut
1339 4288 1463 4365 diebus
1487 4288 1636 4363 Veneris
1658 4342 1669 4379 ‚
1695 4292 1733 4363 br

194 4400 445 4497 Vigiliarum,
483 4398 606 4499 quibus
645 4396 725 4473 Indi
760 4396 909 4473 obstridi
945 4390 1061 4499 sunt,
1094 4417 1242 4469 carnem
1276 4388 1464 4499 comediffe
1499 4388 1732 4487 deprehende-

192 4522 254 4579 tur
356 4504 511 4601 punietur
538 4554 549 4575 .
574 4500 624 4576 Et
648 4498 812 4595 Synodus
836 4492 994 4573 Pazensis
1030 4490 1093 4571 sub
1119 4493 1175 4570 111.
1203 4492 1265 4573 m
1303 4493 1485 4569 Feliciarto
1517 4491 1566 4565 de
1590 4492 1626 4565 la
1662 4484 1733 4563 Ve-

1633 4611 1680 4685 ga

198 4713 1733 4759 wau-mm

242 4867 691 4935 (a)Herr.Dec.3.1.4.cap.8.
1028 4854 1530 4931 (diarmait-nmin-

238 4942 556 5013 (bisuntinum.
568 4942 951 5011 2.Mon.!nd.t.13.cap.1.5.
1035 4936 1093 5011 (e)
1112 4936 1208 5009 Syned.
1226 4937 1370 4999 Limen.
1383 4932 1432 4983 ¹⁸.

232 5020 295 5090 ic)
307 5024 411 5092 «denda
422 5026 473 5093 ,lu
486 5026 575 5083 From.
587 5022 696 5083 Evdr'b.
709 5032 737 5079 6.
748 5038 809 5091 rep·
827 5026 951 5091 anjne.
