<?xml version="1.0" encoding="UTF-8"?>
<!DOCTYPE html PUBLIC "-//W3C//DTD XHTML 1.0 Transitional//EN"
    "http://www.w3.org/TR/xhtml1/DTD/xhtml1-transitional.dtd">
<html xmlns="http://www.w3.org/1999/xhtml" xml:lang="en" lang="en">
 <head>
  <title>
</title>
<meta http-equiv="Content-Type" content="text/html;charset=utf-8" />
  <meta name='ocr-system' content='tesseract 3.04.00' />
  <meta name='ocr-capabilities' content='ocr_page ocr_carea ocr_par ocr_line ocrx_word'/>
</head>
<body>
  <div class='ocr_page' id='page_1' title='image "./fastinoviorbise00moregoog_0173.png"; bbox 0 0 3864 5686; ppageno 0'>
   <div class='ocr_carea' id='block_1_1' title="bbox 273 324 1398 415">
    <p class='ocr_par' dir='ltr' id='par_1_1' title="bbox 273 324 1398 415">
     <span class='ocr_line' id='line_1_1' title="bbox 273 324 1398 415; baseline -0.008 -10"><span class='ocrx_word' id='word_1_1' title='bbox 273 339 341 408; x_wconf 88' lang='lat'>162</span> <span class='ocrx_word' id='word_1_2' title='bbox 468 388 486 415; x_wconf 50' lang='lat' dir='ltr'>,s</span> <span class='ocrx_word' id='word_1_3' title='bbox 688 324 1263 402; x_wconf 76' lang='lat' dir='ltr'>Ountttattonas</span> <span class='ocrx_word' id='word_1_4' title='bbox 1341 346 1398 355; x_wconf 41' lang='lat'>¹·</span> 
     </span>
    </p>
   </div>
   <div class='ocr_carea' id='block_1_2' title="bbox 212 422 1746 671">
    <p class='ocr_par' dir='ltr' id='par_1_2' title="bbox 212 422 1746 671">
     <span class='ocr_line' id='line_1_2' title="bbox 215 422 1742 566; baseline -0.007 -18"><span class='ocrx_word' id='word_1_5' title='bbox 215 458 363 548; x_wconf 80' lang='lat' dir='ltr'>exitiole</span> <span class='ocrx_word' id='word_1_6' title='bbox 386 422 585 566; x_wconf 85' lang='lat' dir='ltr'>obllrepunt</span> <span class='ocrx_word' id='word_1_7' title='bbox 609 466 736 543; x_wconf 86' lang='lat' dir='ltr'>divinis</span> <span class='ocrx_word' id='word_1_8' title='bbox 771 467 961 565; x_wconf 80' lang='lat' dir='ltr'>mysteriis.</span> <span class='ocrx_word' id='word_1_9' title='bbox 1000 466 1047 541; x_wconf 88' lang='lat' dir='ltr'>Et</span> <span class='ocrx_word' id='word_1_10' title='bbox 1072 466 1143 540; x_wconf 88' lang='lat' dir='ltr'>hoe</span> <span class='ocrx_word' id='word_1_11' title='bbox 1180 462 1230 539; x_wconf 86' lang='lat' dir='ltr'>ell</span> <span class='ocrx_word' id='word_1_12' title='bbox 1255 483 1390 539; x_wconf 85' lang='lat' dir='ltr'>certum</span> <span class='ocrx_word' id='word_1_13' title='bbox 1428 464 1521 560; x_wconf 88' lang='lat' dir='ltr'>quod</span> <span class='ocrx_word' id='word_1_14' title='bbox 1546 462 1742 560; x_wconf 85' lang='lat' dir='ltr'>repellendi</span> 
     </span>
     <span class='ocr_line' id='line_1_3' title="bbox 212 565 1746 671; baseline -0.004 -24"><span class='ocrx_word' id='word_1_15' title='bbox 212 572 309 664; x_wconf 84' lang='lat' dir='ltr'>sint,¹</span> <span class='ocrx_word' id='word_1_16' title='bbox 329 596 375 645; x_wconf 89' lang='lat' dir='ltr'>ne</span> <span class='ocrx_word' id='word_1_17' title='bbox 399 569 624 667; x_wconf 81' lang='lat' dir='ltr'>obstrepant,</span> <span class='ocrx_word' id='word_1_18' title='bbox 651 567 738 644; x_wconf 83' lang='lat' dir='ltr'>ficut</span> <span class='ocrx_word' id='word_1_19' title='bbox 764 571 789 645; x_wconf 91' lang='lat' dir='ltr'>ii</span> <span class='ocrx_word' id='word_1_20' title='bbox 816 574 873 671; x_wconf 90' lang='lat' dir='ltr'>qui</span> <span class='ocrx_word' id='word_1_21' title='bbox 898 567 1129 645; x_wconf 77' lang='lat' dir='ltr'>subsannandi</span> <span class='ocrx_word' id='word_1_22' title='bbox 1155 565 1284 658; x_wconf 83' lang='lat' dir='ltr'>causa,</span> <span class='ocrx_word' id='word_1_23' title='bbox 1318 589 1378 642; x_wconf 91' lang='lat' dir='ltr'>aut</span> <span class='ocrx_word' id='word_1_24' title='bbox 1406 565 1570 642; x_wconf 86' lang='lat' dir='ltr'>irridendi</span> <span class='ocrx_word' id='word_1_25' title='bbox 1606 588 1746 641; x_wconf 78' lang='lat' dir='ltr'>conve-</span> 
     </span>
    </p>
   </div>
   <div class='ocr_carea' id='block_1_3' title="bbox 69 670 954 749">
    <p class='ocr_par' dir='ltr' id='par_1_3' title="bbox 69 670 954 749">
     <span class='ocr_line' id='line_1_4' title="bbox 69 670 954 749; baseline 0.001 -2"><span class='ocrx_word' id='word_1_26' title='bbox 69 718 72 723; x_wconf 93' lang='lat'>·</span> <span class='ocrx_word' id='word_1_27' title='bbox 211 675 349 749; x_wconf 81' lang='lat' dir='ltr'>nitent.</span> <span class='ocrx_word' id='word_1_28' title='bbox 375 672 446 749; x_wconf 84' lang='lat' dir='ltr'>Sed</span> <span class='ocrx_word' id='word_1_29' title='bbox 468 674 515 747; x_wconf 91' lang='lat' dir='ltr'>de</span> <span class='ocrx_word' id='word_1_30' title='bbox 538 671 592 747; x_wconf 87' lang='lat' dir='ltr'>his</span> <span class='ocrx_word' id='word_1_31' title='bbox 616 670 764 746; x_wconf 88' lang='lat' dir='ltr'>nonest</span> <span class='ocrx_word' id='word_1_32' title='bbox 787 672 954 748; x_wconf 80' lang='lat' dir='ltr'>dubium.</span> 
     </span>
    </p>
   </div>
   <div class='ocr_carea' id='block_1_4' title="bbox 210 760 1746 1482">
    <p class='ocr_par' dir='ltr' id='par_1_4' title="bbox 210 760 1746 1381">
     <span class='ocr_line' id='line_1_5' title="bbox 234 760 1743 873; baseline -0.004 -23"><span class='ocrx_word' id='word_1_33' title='bbox 234 824 236 829; x_wconf 91' lang='lat'><em>-</em></span> <span class='ocrx_word' id='word_1_34' title='bbox 314 766 427 851; x_wconf 85' lang='lat' dir='ltr'>Paulo</span> <span class='ocrx_word' id='word_1_35' title='bbox 453 771 597 849; x_wconf 84' lang='lat' dir='ltr'>inferius</span> <span class='ocrx_word' id='word_1_36' title='bbox 620 775 733 872; x_wconf 87' lang='lat' dir='ltr'>inquit</span> <span class='ocrx_word' id='word_1_37' title='bbox 760 774 972 867; x_wconf 85' lang='lat' dir='ltr'>Dionisrus,</span> <span class='ocrx_word' id='word_1_38' title='bbox 1007 773 1103 873; x_wconf 87' lang='lat' dir='ltr'>quod</span> <span class='ocrx_word' id='word_1_39' title='bbox 1127 760 1412 864; x_wconf 60' lang='lat' dir='ltr'>catechumeni,</span> <span class='ocrx_word' id='word_1_40' title='bbox 1446 793 1703 868; x_wconf 76' lang='lat' dir='ltr'>energumenos</span> <span class='ocrx_word' id='word_1_41' title='bbox 1729 822 1743 861; x_wconf 88' lang='lat'>,</span> 
     </span>
     <span class='ocr_line' id='line_1_6' title="bbox 211 873 1746 976; baseline -0.002 -25"><span class='ocrx_word' id='word_1_42' title='bbox 211 873 338 976; x_wconf 70' lang='lat' dir='ltr'>eosque</span> <span class='ocrx_word' id='word_1_43' title='bbox 362 879 422 975; x_wconf 79' lang='lat' dir='ltr'>qui</span> <span class='ocrx_word' id='word_1_44' title='bbox 448 878 655 975; x_wconf 83' lang='lat' dir='ltr'>poen-itcntia</span> <span class='ocrx_word' id='word_1_45' title='bbox 681 879 881 969; x_wconf 87' lang='lat' dir='ltr'>ducuntur,</span> <span class='ocrx_word' id='word_1_46' title='bbox 908 878 1132 953; x_wconf 72' lang='lat' dir='ltr'>sacrolantlae</span> <span class='ocrx_word' id='word_1_47' title='bbox 1155 874 1362 949; x_wconf 77' lang='lat' dir='ltr'>hierarchiae</span> <span class='ocrx_word' id='word_1_48' title='bbox 1385 898 1465 950; x_wconf 75' lang='lat' dir='ltr'>mos</span> <span class='ocrx_word' id='word_1_49' title='bbox 1500 876 1634 971; x_wconf 84' lang='lat' dir='ltr'>patitur</span> <span class='ocrx_word' id='word_1_50' title='bbox 1674 898 1746 949; x_wconf 85' lang='lat' dir='ltr'>au-</span> 
     </span>
     <span class='ocr_line' id='line_1_7' title="bbox 210 974 1743 1076; baseline -0.001 -25"><span class='ocrx_word' id='word_1_51' title='bbox 210 980 285 1054; x_wconf 88' lang='lat' dir='ltr'>dire</span> <span class='ocrx_word' id='word_1_52' title='bbox 309 979 563 1075; x_wconf 78' lang='lat' dir='ltr'>psalmodiam,</span> <span class='ocrx_word' id='word_1_53' title='bbox 589 978 816 1076; x_wconf 83' lang='lat' dir='ltr'>divinamque</span> <span class='ocrx_word' id='word_1_54' title='bbox 841 978 1017 1055; x_wconf 82' lang='lat' dir='ltr'>sacrarum</span> <span class='ocrx_word' id='word_1_55' title='bbox 1043 978 1292 1076; x_wconf 84' lang='lat' dir='ltr'>scripturarum</span> <span class='ocrx_word' id='word_1_56' title='bbox 1316 976 1585 1065; x_wconf 65' lang='lat' dir='ltr'>recitationem</span> <span class='ocrx_word' id='word_1_57' title='bbox 1613 974 1743 1049; x_wconf 76' lang='lat' dir='ltr'>veriam</span> 
     </span>
     <span class='ocr_line' id='line_1_8' title="bbox 214 1074 1740 1179; baseline -0.003 -24"><span class='ocrx_word' id='word_1_58' title='bbox 214 1083 261 1156; x_wconf 91' lang='lat' dir='ltr'>ad</span> <span class='ocrx_word' id='word_1_59' title='bbox 283 1105 328 1155; x_wconf 89' lang='lat' dir='ltr'>ea</span> <span class='ocrx_word' id='word_1_60' title='bbox 346 1100 429 1177; x_wconf 62' lang='lat' dir='ltr'>‘que</span> <span class='ocrx_word' id='word_1_61' title='bbox 451 1102 539 1155; x_wconf 82' lang='lat' dir='ltr'>mox</span> <span class='ocrx_word' id='word_1_62' title='bbox 563 1076 753 1178; x_wconf 76' lang='lat' dir='ltr'>sequuntur</span> <span class='ocrx_word' id='word_1_63' title='bbox 777 1079 948 1155; x_wconf 84' lang='lat' dir='ltr'>sacrificia</span> <span class='ocrx_word' id='word_1_64' title='bbox 972 1080 1232 1179; x_wconf 74' lang='lat' dir='ltr'>speaacuuque</span> <span class='ocrx_word' id='word_1_65' title='bbox 1256 1074 1482 1176; x_wconf 82' lang='lat' dir='ltr'>nequaquam</span> <span class='ocrx_word' id='word_1_66' title='bbox 1506 1077 1573 1151; x_wconf 76' lang='lat' dir='ltr'>lios</span> <span class='ocrx_word' id='word_1_67' title='bbox 1600 1099 1740 1151; x_wconf 73' lang='lat' dir='ltr'>corvo·</span> 
     </span>
     <span class='ocr_line' id='line_1_9' title="bbox 211 1175 1742 1281; baseline -0.001 -25"><span class='ocrx_word' id='word_1_68' title='bbox 211 1202 294 1275; x_wconf 88' lang='lat' dir='ltr'>cat,</span> <span class='ocrx_word' id='word_1_69' title='bbox 317 1180 377 1255; x_wconf 85' lang='lat' dir='ltr'>led</span> <span class='ocrx_word' id='word_1_70' title='bbox 402 1179 569 1280; x_wconf 68' lang='lat' dir='ltr'>perlectos</span> <span class='ocrx_word' id='word_1_71' title='bbox 591 1177 824 1281; x_wconf 75' lang='lat' dir='ltr'>perseuorum</span> <span class='ocrx_word' id='word_1_72' title='bbox 847 1186 980 1257; x_wconf 65' lang='lat' dir='ltr'>acuas.</span> <span class='ocrx_word' id='word_1_73' title='bbox 1017 1180 1086 1260; x_wconf 85' lang='lat' dir='ltr'>Ubi</span> <span class='ocrx_word' id='word_1_74' title='bbox 1112 1206 1219 1255; x_wconf 90' lang='lat' dir='ltr'>nemo</span> <span class='ocrx_word' id='word_1_75' title='bbox 1244 1203 1287 1255; x_wconf 86' lang='lat' dir='ltr'>ex</span> <span class='ocrx_word' id='word_1_76' title='bbox 1314 1180 1473 1254; x_wconf 82' lang='lat' dir='ltr'>terminis</span> <span class='ocrx_word' id='word_1_77' title='bbox 1506 1181 1528 1255; x_wconf 76' lang='lat' dir='ltr'>l</span> <span class='ocrx_word' id='word_1_78' title='bbox 1562 1175 1742 1255; x_wconf 78' lang='lat' dir='ltr'>sacrificio</span> 
     </span>
     <span class='ocr_line' id='line_1_10' title="bbox 214 1281 980 1381; baseline 0 -22"><span class='ocrx_word' id='word_1_79' title='bbox 214 1292 374 1376; x_wconf 75' lang='lat' dir='ltr'>arcetur,</span> <span class='ocrx_word' id='word_1_80' title='bbox 400 1281 460 1358; x_wconf 83' lang='lat' dir='ltr'>sed</span> <span class='ocrx_word' id='word_1_81' title='bbox 487 1283 594 1381; x_wconf 81' lang='lat' dir='ltr'>aliqui</span> <span class='ocrx_word' id='word_1_82' title='bbox 618 1308 693 1359; x_wconf 87' lang='lat' dir='ltr'>non</span> <span class='ocrx_word' id='word_1_83' title='bbox 718 1308 980 1360; x_wconf 85' lang='lat' dir='ltr'>convocantur.</span> 
     </span>
    </p>

    <p class='ocr_par' dir='ltr' id='par_1_5' title="bbox 315 1382 1738 1482">
     <span class='ocr_line' id='line_1_11' title="bbox 315 1382 1738 1482; baseline 0.001 -23"><span class='ocrx_word' id='word_1_84' title='bbox 315 1382 466 1460; x_wconf 81' lang='lat' dir='ltr'>Inferius</span> <span class='ocrx_word' id='word_1_85' title='bbox 492 1386 628 1481; x_wconf 84' lang='lat' dir='ltr'>inquit:</span> <span class='ocrx_word' id='word_1_86' title='bbox 654 1391 831 1460; x_wconf 82' lang='lat' dir='ltr'><em>Sacrorum</em></span> <span class='ocrx_word' id='word_1_87' title='bbox 855 1382 1045 1461; x_wconf 82' lang='lat' dir='ltr'>celebratio</span> <span class='ocrx_word' id='word_1_88' title='bbox 1069 1387 1180 1460; x_wconf 89' lang='lat' dir='ltr'>etiam</span> <span class='ocrx_word' id='word_1_89' title='bbox 1204 1385 1414 1482; x_wconf 76' lang='lat' dir='ltr'>prenitentes</span> <span class='ocrx_word' id='word_1_90' title='bbox 1427 1436 1529 1457; x_wconf 91' lang='grc'><strong>.....</strong></span> <span class='ocrx_word' id='word_1_91' title='bbox 1556 1384 1698 1480; x_wconf 82' lang='lat' dir='ltr'>repellit</span> <span class='ocrx_word' id='word_1_92' title='bbox 1725 1434 1738 1477; x_wconf 85' lang='lat'>,</span> 
     </span>
    </p>
   </div>
   <div class='ocr_carea' id='block_1_5' title="bbox 91 1484 1740 1585">
    <p class='ocr_par' dir='ltr' id='par_1_6' title="bbox 91 1484 1740 1585">
     <span class='ocr_line' id='line_1_12' title="bbox 91 1484 1740 1585; baseline -0.001 -22"><span class='ocrx_word' id='word_1_93' title='bbox 91 1518 97 1527; x_wconf 94' lang='lat'><strong>·</strong></span> <span class='ocrx_word' id='word_1_94' title='bbox 211 1485 353 1563; x_wconf 77' lang='lat' dir='ltr'>nonnisi</span> <span class='ocrx_word' id='word_1_95' title='bbox 375 1484 584 1561; x_wconf 64' lang='lat' dir='ltr'>sanctissimo</span> <span class='ocrx_word' id='word_1_96' title='bbox 609 1510 747 1585; x_wconf 89' lang='lat' dir='ltr'>quoque</span> <span class='ocrx_word' id='word_1_97' title='bbox 771 1486 1046 1579; x_wconf 75' lang='lat' dir='ltr'>admisso.Cuitu</span> <span class='ocrx_word' id='word_1_98' title='bbox 1067 1484 1259 1584; x_wconf 84' lang='lat' dir='ltr'>disciplinae</span> <span class='ocrx_word' id='word_1_99' title='bbox 1278 1484 1443 1563; x_wconf 76' lang='lat' dir='ltr'>severitas</span> <span class='ocrx_word' id='word_1_100' title='bbox 1468 1486 1654 1584; x_wconf 85' lang='lat' dir='ltr'>antiquata</span> <span class='ocrx_word' id='word_1_101' title='bbox 1680 1484 1740 1561; x_wconf 86' lang='lat' dir='ltr'>es·</span> 
     </span>
    </p>
   </div>
   <div class='ocr_carea' id='block_1_6' title="bbox 122 1588 1739 4929">
    <p class='ocr_par' dir='ltr' id='par_1_7' title="bbox 122 1588 1739 4929">
     <span class='ocr_line' id='line_1_13' title="bbox 122 1588 1738 1689; baseline 0.001 -27"><span class='ocrx_word' id='word_1_102' title='bbox 122 1599 129 1605; x_wconf 86' lang='lat'>&#39;</span> <span class='ocrx_word' id='word_1_103' title='bbox 210 1588 245 1662; x_wconf 89' lang='lat' dir='ltr'>se</span> <span class='ocrx_word' id='word_1_104' title='bbox 271 1590 425 1678; x_wconf 67' lang='lat' dir='ltr'>videtum</span> <span class='ocrx_word' id='word_1_105' title='bbox 450 1588 647 1679; x_wconf 89' lang='lat' dir='ltr'>nonenim</span> <span class='ocrx_word' id='word_1_106' title='bbox 672 1591 778 1663; x_wconf 85' lang='lat' dir='ltr'>credo</span> <span class='ocrx_word' id='word_1_107' title='bbox 803 1590 913 1663; x_wconf 77' lang='lat' dir='ltr'>modi&gt;</span> <span class='ocrx_word' id='word_1_108' title='bbox 938 1591 1003 1662; x_wconf 87' lang='lat' dir='ltr'>elle</span> <span class='ocrx_word' id='word_1_109' title='bbox 1029 1591 1086 1689; x_wconf 91' lang='lat' dir='ltr'>qui</span> <span class='ocrx_word' id='word_1_110' title='bbox 1114 1612 1187 1662; x_wconf 91' lang='lat' dir='ltr'>non</span> <span class='ocrx_word' id='word_1_111' title='bbox 1223 1589 1406 1686; x_wconf 89' lang='lat' dir='ltr'>permittat</span> <span class='ocrx_word' id='word_1_112' title='bbox 1442 1611 1738 1684; x_wconf 68' lang='lat' dir='ltr'>energumenos,</span> 
     </span>
     <span class='ocr_line' id='line_1_14' title="bbox 209 1686 1736 1780; baseline 0 -15"><span class='ocrx_word' id='word_1_113' title='bbox 209 1686 277 1765; x_wconf 77' lang='lat' dir='ltr'>ltili</span> <span class='ocrx_word' id='word_1_114' title='bbox 300 1688 482 1764; x_wconf 85' lang='lat' dir='ltr'>obllaculo</span> <span class='ocrx_word' id='word_1_115' title='bbox 507 1687 594 1763; x_wconf 80' lang='lat' dir='ltr'>sant.</span> <span class='ocrx_word' id='word_1_116' title='bbox 620 1686 687 1763; x_wconf 87' lang='lat' dir='ltr'>Sed</span> <span class='ocrx_word' id='word_1_117' title='bbox 711 1693 779 1765; x_wconf 87' lang='lat' dir='ltr'>hac</span> <span class='ocrx_word' id='word_1_118' title='bbox 815 1693 951 1766; x_wconf 85' lang='lat' dir='ltr'>ratione</span> <span class='ocrx_word' id='word_1_119' title='bbox 976 1704 1050 1765; x_wconf 89' lang='lat' dir='ltr'>non</span> <span class='ocrx_word' id='word_1_120' title='bbox 1085 1688 1201 1764; x_wconf 81' lang='lat' dir='ltr'>soltlm</span> <span class='ocrx_word' id='word_1_121' title='bbox 1227 1695 1249 1765; x_wconf 76' lang='lat' dir='ltr'>a</span> <span class='ocrx_word' id='word_1_122' title='bbox 1272 1686 1466 1780; x_wconf 83' lang='lat' dir='ltr'>sacrificio,</span> <span class='ocrx_word' id='word_1_123' title='bbox 1492 1688 1550 1762; x_wconf 81' lang='lat' dir='ltr'>sed</span> <span class='ocrx_word' id='word_1_124' title='bbox 1585 1686 1736 1765; x_wconf 77' lang='lat' dir='ltr'>antiffa</span> 
     </span>
     <span class='ocr_line' id='line_1_15' title="bbox 209 1788 1735 1889; baseline 0 -23"><span class='ocrx_word' id='word_1_125' title='bbox 209 1793 321 1867; x_wconf 89' lang='lat' dir='ltr'>etiam</span> <span class='ocrx_word' id='word_1_126' title='bbox 346 1791 684 1865; x_wconf 80' lang='lat' dir='ltr'>catechumenorum</span> <span class='ocrx_word' id='word_1_127' title='bbox 707 1816 771 1866; x_wconf 83' lang='lat' dir='ltr'>eos</span> <span class='ocrx_word' id='word_1_128' title='bbox 796 1813 939 1889; x_wconf 75' lang='lat' dir='ltr'>oportet</span> <span class='ocrx_word' id='word_1_129' title='bbox 976 1793 1104 1865; x_wconf 89' lang='lat' dir='ltr'>arceri.</span> <span class='ocrx_word' id='word_1_130' title='bbox 1141 1790 1265 1888; x_wconf 88' lang='lat' dir='ltr'>Neque</span> <span class='ocrx_word' id='word_1_131' title='bbox 1290 1792 1402 1865; x_wconf 76' lang='lat' dir='ltr'>modo</span> <span class='ocrx_word' id='word_1_132' title='bbox 1436 1788 1503 1865; x_wconf 84' lang='lat' dir='ltr'>else</span> <span class='ocrx_word' id='word_1_133' title='bbox 1528 1791 1637 1866; x_wconf 88' lang='lat' dir='ltr'>credo</span> <span class='ocrx_word' id='word_1_134' title='bbox 1672 1792 1735 1889; x_wconf 79' lang='lat' dir='ltr'>qut</span> 
     </span>
     <span class='ocr_line' id='line_1_16' title="bbox 209 1890 1737 1991; baseline 0.003 -25"><span class='ocrx_word' id='word_1_135' title='bbox 209 1908 286 1967; x_wconf 82' lang='lat' dir='ltr'>non</span> <span class='ocrx_word' id='word_1_136' title='bbox 323 1894 454 1967; x_wconf 86' lang='lat' dir='ltr'>tolerat</span> <span class='ocrx_word' id='word_1_137' title='bbox 486 1894 732 1991; x_wconf 67' lang='lat' dir='ltr'>penitentes,</span> <span class='ocrx_word' id='word_1_138' title='bbox 769 1895 845 1969; x_wconf 91' lang='lat' dir='ltr'>imo</span> <span class='ocrx_word' id='word_1_139' title='bbox 879 1899 915 1970; x_wconf 75' lang='lat' dir='ltr'>dt</span> <span class='ocrx_word' id='word_1_140' title='bbox 942 1914 1163 1991; x_wconf 75' lang='lat' dir='ltr'>peccatores,</span> <span class='ocrx_word' id='word_1_141' title='bbox 1191 1890 1256 1967; x_wconf 79' lang='lat' dir='ltr'>nifi</span> <span class='ocrx_word' id='word_1_142' title='bbox 1281 1893 1583 1967; x_wconf 79' lang='lat' dir='ltr'>excommunicati</span> <span class='ocrx_word' id='word_1_143' title='bbox 1618 1898 1655 1970; x_wconf 73' lang='grc' dir='ltr'>ἀ</span> <span class='ocrx_word' id='word_1_144' title='bbox 1678 1895 1737 1969; x_wconf 70' lang='lat' dir='ltr'>do</span> 
     </span>
     <span class='ocr_line' id='line_1_17' title="bbox 209 1990 1658 2093; baseline -0.002 -24"><span class='ocrx_word' id='word_1_145' title='bbox 209 1993 367 2069; x_wconf 84' lang='lat' dir='ltr'>ntnrtiati</span> <span class='ocrx_word' id='word_1_146' title='bbox 393 1990 484 2085; x_wconf 79' lang='lat' dir='ltr'>sant,</span> <span class='ocrx_word' id='word_1_147' title='bbox 505 2000 572 2069; x_wconf 85' lang='lat' dir='ltr'>¹aut</span> <span class='ocrx_word' id='word_1_148' title='bbox 596 1997 655 2092; x_wconf 85' lang='lat' dir='ltr'>qni</span> <span class='ocrx_word' id='word_1_149' title='bbox 681 1997 723 2069; x_wconf 88' lang='lat' dir='ltr'>tle</span> <span class='ocrx_word' id='word_1_150' title='bbox 750 1996 953 2093; x_wconf 82' lang='lat' dir='ltr'>repellendis</span> <span class='ocrx_word' id='word_1_151' title='bbox 977 1994 1178 2071; x_wconf 83' lang='lat' dir='ltr'>hominibus</span> <span class='ocrx_word' id='word_1_152' title='bbox 1202 1996 1240 2069; x_wconf 92' lang='lat' dir='ltr'>id</span> <span class='ocrx_word' id='word_1_153' title='bbox 1265 2016 1374 2092; x_wconf 84' lang='lat' dir='ltr'>genus</span> <span class='ocrx_word' id='word_1_154' title='bbox 1399 1994 1440 2068; x_wconf 90' lang='lat' dir='ltr'>srt</span> <span class='ocrx_word' id='word_1_155' title='bbox 1465 1995 1658 2069; x_wconf 76' lang='lat' dir='ltr'>sollicitus.</span> 
     </span>
     <span class='ocr_line' id='line_1_18' title="bbox 310 2088 1734 2193; baseline 0.003 -26"><span class='ocrx_word' id='word_1_156' title='bbox 310 2088 599 2170; x_wconf 77' lang='lat' dir='ltr'>Frutdamentum</span> <span class='ocrx_word' id='word_1_157' title='bbox 626 2114 660 2193; x_wconf 85' lang='lat'>3.</span> <span class='ocrx_word' id='word_1_158' title='bbox 691 2095 948 2173; x_wconf 71' lang='lat' dir='ltr'>desumuntur</span> <span class='ocrx_word' id='word_1_159' title='bbox 986 2095 1293 2171; x_wconf 84' lang='lat' dir='ltr'>constitutionibus</span> <span class='ocrx_word' id='word_1_160' title='bbox 1317 2094 1545 2193; x_wconf 82' lang='lat' dir='ltr'>apostolicis,</span> <span class='ocrx_word' id='word_1_161' title='bbox 1580 2093 1644 2170; x_wconf 88' lang='lat' dir='ltr'>seu</span> <span class='ocrx_word' id='word_1_162' title='bbox 1667 2096 1734 2171; x_wconf 86' lang='lat' dir='ltr'>cle·</span> 
     </span>
     <span class='ocr_line' id='line_1_19' title="bbox 209 2196 1733 2290; baseline 0 -19"><span class='ocrx_word' id='word_1_163' title='bbox 209 2196 380 2271; x_wconf 77' lang='lat' dir='ltr'>ntentinis</span> <span class='ocrx_word' id='word_1_164' title='bbox 405 2200 501 2290; x_wconf 85' lang='lat' dir='ltr'>(a),</span> <span class='ocrx_word' id='word_1_165' title='bbox 524 2198 584 2271; x_wconf 88' lang='lat' dir='ltr'>ubi</span> <span class='ocrx_word' id='word_1_166' title='bbox 611 2201 765 2274; x_wconf 83' lang='lat' dir='ltr'>diatono</span> <span class='ocrx_word' id='word_1_167' title='bbox 792 2200 985 2290; x_wconf 77' lang='lat' dir='ltr'>indicitur,</span> <span class='ocrx_word' id='word_1_168' title='bbox 1011 2218 1052 2273; x_wconf 92' lang='lat' dir='ltr'>ut</span> <span class='ocrx_word' id='word_1_169' title='bbox 1076 2201 1212 2272; x_wconf 83' lang='lat' dir='ltr'>exitum</span> <span class='ocrx_word' id='word_1_170' title='bbox 1236 2197 1421 2273; x_wconf 87' lang='lat' dir='ltr'>denuntiet</span> <span class='ocrx_word' id='word_1_171' title='bbox 1453 2198 1733 2287; x_wconf 79' lang='lat' dir='ltr'>illuminandis,</span> 
     </span>
     <span class='ocr_line' id='line_1_20' title="bbox 207 2296 1734 2399; baseline 0.001 -28"><span class='ocrx_word' id='word_1_172' title='bbox 207 2296 495 2390; x_wconf 74' lang='lat' dir='ltr'>catedmmenis,</span> <span class='ocrx_word' id='word_1_173' title='bbox 521 2296 737 2389; x_wconf 80' lang='lat' dir='ltr'>infidelibus,</span> <span class='ocrx_word' id='word_1_174' title='bbox 762 2299 1026 2377; x_wconf 68' lang='lat' dir='ltr'>athemius.</span> <span class='ocrx_word' id='word_1_175' title='bbox 1064 2299 1134 2373; x_wconf 92' lang='lat' dir='ltr'>Sed</span> <span class='ocrx_word' id='word_1_176' title='bbox 1160 2324 1232 2374; x_wconf 92' lang='lat' dir='ltr'>non</span> <span class='ocrx_word' id='word_1_177' title='bbox 1259 2302 1456 2396; x_wconf 86' lang='lat' dir='ltr'>praecipitur</span> <span class='ocrx_word' id='word_1_178' title='bbox 1494 2296 1565 2389; x_wconf 90' lang='lat' dir='ltr'>ibi,</span> <span class='ocrx_word' id='word_1_179' title='bbox 1589 2318 1632 2373; x_wconf 85' lang='lat' dir='ltr'>ut</span> <span class='ocrx_word' id='word_1_180' title='bbox 1657 2300 1734 2399; x_wconf 63' lang='grc' dir='ltr'>,φὶς</span> 
     </span>
     <span class='ocr_line' id='line_1_21' title="bbox 206 2398 1732 2499; baseline 0.001 -27"><span class='ocrx_word' id='word_1_181' title='bbox 206 2414 332 2493; x_wconf 74' lang='lat' dir='ltr'>eareat,</span> <span class='ocrx_word' id='word_1_182' title='bbox 357 2398 416 2474; x_wconf 87' lang='lat' dir='ltr'>sed</span> <span class='ocrx_word' id='word_1_183' title='bbox 440 2401 596 2475; x_wconf 85' lang='lat' dir='ltr'>diacono</span> <span class='ocrx_word' id='word_1_184' title='bbox 620 2422 661 2475; x_wconf 90' lang='lat' dir='ltr'>ut</span> <span class='ocrx_word' id='word_1_185' title='bbox 697 2404 833 2478; x_wconf 88' lang='lat' dir='ltr'>exitum</span> <span class='ocrx_word' id='word_1_186' title='bbox 858 2401 1074 2492; x_wconf 85' lang='lat' dir='ltr'>denuntiet,</span> <span class='ocrx_word' id='word_1_187' title='bbox 1110 2401 1413 2499; x_wconf 81' lang='lat' dir='ltr'>obediendumque</span> <span class='ocrx_word' id='word_1_188' title='bbox 1447 2401 1535 2474; x_wconf 86' lang='lat' dir='ltr'>dum</span> <span class='ocrx_word' id='word_1_189' title='bbox 1560 2402 1693 2475; x_wconf 84' lang='lat' dir='ltr'>clamet</span> <span class='ocrx_word' id='word_1_190' title='bbox 1719 2450 1732 2473; x_wconf 87' lang='lat'><strong>.</strong></span> 
     </span>
     <span class='ocr_line' id='line_1_22' title="bbox 205 2496 1733 2595; baseline 0.001 -21"><span class='ocrx_word' id='word_1_191' title='bbox 205 2496 288 2595; x_wconf 77' lang='lat' dir='ltr'>Jam</span> <span class='ocrx_word' id='word_1_192' title='bbox 312 2521 435 2575; x_wconf 88' lang='lat' dir='ltr'>tamen</span> <span class='ocrx_word' id='word_1_193' title='bbox 459 2526 532 2576; x_wconf 91' lang='lat' dir='ltr'>non</span> <span class='ocrx_word' id='word_1_194' title='bbox 558 2505 716 2594; x_wconf 89' lang='lat' dir='ltr'>elamat,</span> <span class='ocrx_word' id='word_1_195' title='bbox 752 2523 793 2579; x_wconf 92' lang='lat' dir='ltr'>ut</span> <span class='ocrx_word' id='word_1_196' title='bbox 819 2507 940 2595; x_wconf 87' lang='lat' dir='ltr'>olnn,</span> <span class='ocrx_word' id='word_1_197' title='bbox 972 2503 1097 2577; x_wconf 73' lang='lat' dir='ltr'>catalla</span> <span class='ocrx_word' id='word_1_198' title='bbox 1131 2500 1471 2577; x_wconf 79' lang='lat' dir='ltr'>catechumenorum</span> <span class='ocrx_word' id='word_1_199' title='bbox 1503 2497 1638 2593; x_wconf 76' lang='lat' dir='ltr'>milla,</span> <span class='ocrx_word' id='word_1_200' title='bbox 1674 2498 1733 2575; x_wconf 79' lang='lat' dir='ltr'>sad</span> 
     </span>
     <span class='ocr_line' id='line_1_23' title="bbox 206 2598 1732 2703; baseline 0.006 -30"><span class='ocrx_word' id='word_1_201' title='bbox 206 2599 285 2700; x_wconf 85' lang='lat' dir='ltr'>&#39;poll</span> <span class='ocrx_word' id='word_1_202' title='bbox 309 2604 627 2678; x_wconf 87' lang='lat' dir='ltr'>communionem:</span> <span class='ocrx_word' id='word_1_203' title='bbox 662 2628 774 2701; x_wconf 80' lang='lat' dir='ltr'>neque</span> <span class='ocrx_word' id='word_1_204' title='bbox 800 2626 884 2679; x_wconf 87' lang='lat' dir='ltr'>tunc</span> <span class='ocrx_word' id='word_1_205' title='bbox 918 2602 961 2679; x_wconf 80' lang='lat' dir='ltr'>fit</span> <span class='ocrx_word' id='word_1_206' title='bbox 988 2606 1218 2702; x_wconf 87' lang='lat' dir='ltr'>imperando,</span> <span class='ocrx_word' id='word_1_207' title='bbox 1243 2603 1303 2678; x_wconf 80' lang='lat' dir='ltr'>sed</span> <span class='ocrx_word' id='word_1_208' title='bbox 1341 2604 1613 2703; x_wconf 82' lang='lat' dir='ltr'>pcnnittendo·</span> <span class='ocrx_word' id='word_1_209' title='bbox 1642 2598 1732 2699; x_wconf 69' lang='lat' dir='ltr'>Qua</span> 
     </span>
     <span class='ocr_line' id='line_1_24' title="bbox 206 2700 1429 2802; baseline 0.003 -27"><span class='ocrx_word' id='word_1_210' title='bbox 206 2700 297 2777; x_wconf 68' lang='lat' dir='ltr'>ritus</span> <span class='ocrx_word' id='word_1_211' title='bbox 320 2705 521 2779; x_wconf 83' lang='lat' dir='ltr'>mutatione</span> <span class='ocrx_word' id='word_1_212' title='bbox 548 2707 666 2801; x_wconf 88' lang='lat' dir='ltr'>palam</span> <span class='ocrx_word' id='word_1_213' title='bbox 691 2704 731 2780; x_wconf 84' lang='lat' dir='ltr'>fit</span> <span class='ocrx_word' id='word_1_214' title='bbox 758 2706 918 2781; x_wconf 67' lang='lat' dir='ltr'>Fxclestae</span> <span class='ocrx_word' id='word_1_215' title='bbox 943 2707 1007 2802; x_wconf 83' lang='lat' dir='ltr'>piae</span> <span class='ocrx_word' id='word_1_216' title='bbox 1032 2707 1157 2780; x_wconf 81' lang='lat' dir='ltr'>matria</span> <span class='ocrx_word' id='word_1_217' title='bbox 1182 2708 1429 2782; x_wconf 83' lang='lat' dir='ltr'>conniventia.</span> 
     </span>
     <span class='ocr_line' id='line_1_25' title="bbox 305 2802 1738 2905; baseline 0.003 -28"><span class='ocrx_word' id='word_1_218' title='bbox 305 2802 595 2880; x_wconf 79' lang='lat' dir='ltr'>Fundamentum</span> <span class='ocrx_word' id='word_1_219' title='bbox 619 2826 657 2904; x_wconf 91' lang='lat'>4.</span> <span class='ocrx_word' id='word_1_220' title='bbox 684 2806 849 2903; x_wconf 86' lang='lat' dir='ltr'>indigitat</span> <span class='ocrx_word' id='word_1_221' title='bbox 868 2806 1015 2882; x_wconf 88' lang='lat' dir='ltr'>Conink</span> <span class='ocrx_word' id='word_1_222' title='bbox 1050 2806 1213 2883; x_wconf 78' lang='lat' dir='ltr'>Ecclesiae</span> <span class='ocrx_word' id='word_1_223' title='bbox 1239 2810 1396 2904; x_wconf 85' lang='lat' dir='ltr'>praxim,</span> <span class='ocrx_word' id='word_1_224' title='bbox 1432 2830 1509 2905; x_wconf 67' lang='lat' dir='ltr'>qux</span> <span class='ocrx_word' id='word_1_225' title='bbox 1544 2808 1657 2882; x_wconf 87' lang='lat' dir='ltr'>allata</span> <span class='ocrx_word' id='word_1_226' title='bbox 1685 2823 1738 2881; x_wconf 87' lang='lat' dir='ltr'>te·</span> 
     </span>
     <span class='ocr_line' id='line_1_26' title="bbox 204 2901 1737 3006; baseline 0.004 -27"><span class='ocrx_word' id='word_1_227' title='bbox 204 2901 404 2997; x_wconf 88' lang='lat' dir='ltr'>llitnonia,</span> <span class='ocrx_word' id='word_1_228' title='bbox 441 2908 601 3005; x_wconf 87' lang='lat' dir='ltr'>quamvis</span> <span class='ocrx_word' id='word_1_229' title='bbox 626 2930 669 2983; x_wconf 85' lang='lat' dir='ltr'>ex</span> <span class='ocrx_word' id='word_1_230' title='bbox 708 2911 865 2983; x_wconf 81' lang='lat' dir='ltr'>terminis</span> <span class='ocrx_word' id='word_1_231' title='bbox 897 2908 1005 2984; x_wconf 85' lang='lat' dir='ltr'>ellent</span> <span class='ocrx_word' id='word_1_232' title='bbox 1041 2910 1168 3001; x_wconf 87' lang='lat' dir='ltr'>dubia,</span> <span class='ocrx_word' id='word_1_233' title='bbox 1205 2910 1481 3006; x_wconf 80' lang='lat' dir='ltr'>interpretatur,</span> <span class='ocrx_word' id='word_1_234' title='bbox 1508 2908 1595 2984; x_wconf 86' lang='lat' dir='ltr'>dum</span> <span class='ocrx_word' id='word_1_235' title='bbox 1637 2909 1737 2985; x_wconf 80' lang='lat' dir='ltr'>inter</span> 
     </span>
     <span class='ocr_line' id='line_1_27' title="bbox 204 3004 1736 3113; baseline 0.003 -32"><span class='ocrx_word' id='word_1_236' title='bbox 204 3004 340 3083; x_wconf 84' lang='lat' dir='ltr'>ostiarii</span> <span class='ocrx_word' id='word_1_237' title='bbox 366 3030 514 3084; x_wconf 88' lang='lat' dir='ltr'>munera</span> <span class='ocrx_word' id='word_1_238' title='bbox 539 3010 640 3107; x_wconf 91' lang='lat' dir='ltr'>ponit</span> <span class='ocrx_word' id='word_1_239' title='bbox 664 3008 822 3086; x_wconf 82' lang='lat' dir='ltr'>infideles</span> <span class='ocrx_word' id='word_1_240' title='bbox 848 3035 964 3086; x_wconf 82' lang='lat' dir='ltr'>arcere</span> <span class='ocrx_word' id='word_1_241' title='bbox 985 3066 1002 3113; x_wconf 23' lang='grc' dir='ltr'>,Ι</span> <span class='ocrx_word' id='word_1_242' title='bbox 1032 3012 1101 3087; x_wconf 84' lang='lat' dir='ltr'>Sed</span> <span class='ocrx_word' id='word_1_243' title='bbox 1126 3012 1257 3089; x_wconf 83' lang='lat' dir='ltr'>olliarii</span> <span class='ocrx_word' id='word_1_244' title='bbox 1284 3036 1411 3086; x_wconf 81' lang='lat' dir='ltr'>munus</span> <span class='ocrx_word' id='word_1_245' title='bbox 1446 3009 1497 3085; x_wconf 86' lang='lat' dir='ltr'>eil</span> <span class='ocrx_word' id='word_1_246' title='bbox 1522 3030 1608 3086; x_wconf 81' lang='lat' dir='ltr'>tunc</span> <span class='ocrx_word' id='word_1_247' title='bbox 1625 3034 1736 3092; x_wconf 64' lang='lat' dir='ltr'>,atce-</span> 
     </span>
     <span class='ocr_line' id='line_1_28' title="bbox 202 3108 1736 3321; baseline 0.006 -39"><span class='ocrx_word' id='word_1_248' title='bbox 202 3132 268 3284; x_wconf 63' lang='lat' dir='ltr'>itt</span> <span class='ocrx_word' id='word_1_249' title='bbox 283 3111 437 3289; x_wconf 54' lang='lat' dir='ltr'>ma</span> <span class='ocrx_word' id='word_1_250' title='bbox 462 3110 966 3321; x_wconf 57' lang='lat' dir='ltr'>inllzlllallllttll</span> <span class='ocrx_word' id='word_1_251' title='bbox 989 3108 1736 3314; x_wconf 59' lang='lat' dir='ltr'>lltrt⁰ti¹lltlttl⁰allllssfi{55</span> 
     </span>
     <span class='ocr_line' id='line_1_29' title="bbox 200 3316 1736 3415; baseline 0.004 -30"><span class='ocrx_word' id='word_1_252' title='bbox 200 3330 348 3409; x_wconf 87' lang='lat' dir='ltr'>quenter</span> <span class='ocrx_word' id='word_1_253' title='bbox 371 3316 469 3391; x_wconf 92' lang='lat' dir='ltr'>enim</span> <span class='ocrx_word' id='word_1_254' title='bbox 496 3316 659 3391; x_wconf 84' lang='lat' dir='ltr'>audimus</span> <span class='ocrx_word' id='word_1_255' title='bbox 683 3320 718 3391; x_wconf 75' lang='lat' dir='ltr'>dt</span> <span class='ocrx_word' id='word_1_256' title='bbox 752 3319 901 3413; x_wconf 86' lang='lat' dir='ltr'>legimus</span> <span class='ocrx_word' id='word_1_257' title='bbox 936 3318 980 3392; x_wconf 90' lang='lat' dir='ltr'>de</span> <span class='ocrx_word' id='word_1_258' title='bbox 1016 3316 1237 3393; x_wconf 85' lang='lat' dir='ltr'>miffionariis</span> <span class='ocrx_word' id='word_1_259' title='bbox 1260 3322 1296 3392; x_wconf 77' lang='lat' dir='ltr'>dt</span> <span class='ocrx_word' id='word_1_260' title='bbox 1328 3317 1628 3415; x_wconf 75' lang='lat' dir='ltr'>expugnatoribus</span> <span class='ocrx_word' id='word_1_261' title='bbox 1659 3316 1736 3413; x_wconf 70' lang='lat' dir='ltr'>pria</span> 
     </span>
     <span class='ocr_line' id='line_1_30' title="bbox 200 3411 1739 3517; baseline 0.008 -32"><span class='ocrx_word' id='word_1_262' title='bbox 200 3415 289 3504; x_wconf 88' lang='lat' dir='ltr'>mis,</span> <span class='ocrx_word' id='word_1_263' title='bbox 317 3438 440 3488; x_wconf 86' lang='lat' dir='ltr'>coram</span> <span class='ocrx_word' id='word_1_264' title='bbox 466 3411 580 3488; x_wconf 76' lang='lat' dir='ltr'>feciffe</span> <span class='ocrx_word' id='word_1_265' title='bbox 604 3415 741 3489; x_wconf 82' lang='lat' dir='ltr'>millam</span> <span class='ocrx_word' id='word_1_266' title='bbox 767 3418 955 3510; x_wconf 87' lang='lat' dir='ltr'>celebrari,</span> <span class='ocrx_word' id='word_1_267' title='bbox 981 3419 1135 3517; x_wconf 85' lang='lat' dir='ltr'>&amp;quod</span> <span class='ocrx_word' id='word_1_268' title='bbox 1162 3417 1350 3493; x_wconf 73' lang='lat' dir='ltr'>assistentes</span> <span class='ocrx_word' id='word_1_269' title='bbox 1374 3419 1511 3493; x_wconf 90' lang='lat' dir='ltr'>barbari</span> <span class='ocrx_word' id='word_1_270' title='bbox 1536 3442 1623 3493; x_wconf 88' lang='lat' dir='ltr'>cum</span> <span class='ocrx_word' id='word_1_271' title='bbox 1643 3418 1739 3497; x_wconf 67' lang='lat' dir='ltr'>ado.</span> 
     </span>
     <span class='ocr_line' id='line_1_31' title="bbox 125 3514 1734 3621; baseline 0.005 -36"><span class='ocrx_word' id='word_1_272' title='bbox 125 3514 130 3528; x_wconf 83' lang='lat'>&#39;</span> <span class='ocrx_word' id='word_1_273' title='bbox 200 3514 358 3588; x_wconf 78' lang='lat' dir='ltr'>rantibus</span> <span class='ocrx_word' id='word_1_274' title='bbox 384 3514 614 3621; x_wconf 76' lang='lat' dir='ltr'>adorabant,</span> <span class='ocrx_word' id='word_1_275' title='bbox 649 3516 912 3616; x_wconf 80' lang='lat' dir='ltr'>&amp;plenumque</span> <span class='ocrx_word' id='word_1_276' title='bbox 946 3544 990 3592; x_wconf 83' lang='lat' dir='ltr'>ex</span> <span class='ocrx_word' id='word_1_277' title='bbox 1015 3519 1083 3595; x_wconf 90' lang='lat' dir='ltr'>hac</span> <span class='ocrx_word' id='word_1_278' title='bbox 1110 3520 1314 3595; x_wconf 81' lang='lat' dir='ltr'>admilirone</span> <span class='ocrx_word' id='word_1_279' title='bbox 1350 3524 1395 3594; x_wconf 88' lang='lat' dir='ltr'>ad</span> <span class='ocrx_word' id='word_1_280' title='bbox 1421 3517 1633 3597; x_wconf 82' lang='lat' dir='ltr'>sacrificium</span> <span class='ocrx_word' id='word_1_281' title='bbox 1671 3518 1734 3593; x_wconf 87' lang='lat' dir='ltr'>ba-</span> 
     </span>
     <span class='ocr_line' id='line_1_32' title="bbox 194 3612 1735 3787; baseline 0.006 -101"><span class='ocrx_word' id='word_1_282' title='bbox 194 3612 317 3787; x_wconf 52' lang='lat' dir='ltr'>ptismi</span> <span class='ocrx_word' id='word_1_283' title='bbox 338 3614 569 3714; x_wconf 85' lang='lat' dir='ltr'>reportabant</span> <span class='ocrx_word' id='word_1_284' title='bbox 594 3634 738 3692; x_wconf 88' lang='lat' dir='ltr'>votum.</span> <span class='ocrx_word' id='word_1_285' title='bbox 765 3617 808 3693; x_wconf 93' lang='lat' dir='ltr'>ld</span> <span class='ocrx_word' id='word_1_286' title='bbox 835 3621 925 3717; x_wconf 89' lang='lat' dir='ltr'>apud</span> <span class='ocrx_word' id='word_1_287' title='bbox 959 3618 1206 3713; x_wconf 83' lang='lat' dir='ltr'>Mexicanos,</span> <span class='ocrx_word' id='word_1_288' title='bbox 1246 3620 1452 3699; x_wconf 79' lang='lat' dir='ltr'>Yucatanos</span> <span class='ocrx_word' id='word_1_289' title='bbox 1475 3676 1486 3714; x_wconf 90' lang='lat'>‚</span> <span class='ocrx_word' id='word_1_290' title='bbox 1513 3627 1548 3698; x_wconf 77' lang='lat' dir='ltr'>dt</span> <span class='ocrx_word' id='word_1_291' title='bbox 1579 3618 1735 3696; x_wconf 65' lang='lat' dir='ltr'>carnea</span> 
     </span>
     <span class='ocr_line' id='line_1_33' title="bbox 215 3714 1731 3823; baseline 0.006 -35"><span class='ocrx_word' id='word_1_292' title='bbox 215 3715 331 3823; x_wconf 67' lang='lat' dir='ltr'>adium</span> <span class='ocrx_word' id='word_1_293' title='bbox 352 3714 421 3791; x_wconf 82' lang='lat' dir='ltr'>elle</span> <span class='ocrx_word' id='word_1_294' title='bbox 446 3736 528 3791; x_wconf 82' lang='lat' dir='ltr'>cum</span> <span class='ocrx_word' id='word_1_295' title='bbox 553 3719 682 3811; x_wconf 87' lang='lat' dir='ltr'>laude,</span> <span class='ocrx_word' id='word_1_296' title='bbox 705 3723 751 3796; x_wconf 78' lang='lat' dir='ltr'>‘dt</span> <span class='ocrx_word' id='word_1_297' title='bbox 774 3723 916 3819; x_wconf 89' lang='lat' dir='ltr'>optimo</span> <span class='ocrx_word' id='word_1_298' title='bbox 943 3724 987 3796; x_wconf 86' lang='lat' dir='ltr'>ad</span> <span class='ocrx_word' id='word_1_299' title='bbox 1023 3748 1087 3821; x_wconf 92' lang='lat' dir='ltr'>pro</span> <span class='ocrx_word' id='word_1_300' title='bbox 1112 3725 1290 3823; x_wconf 88' lang='lat' dir='ltr'>agandam</span> <span class='ocrx_word' id='word_1_301' title='bbox 1315 3722 1423 3801; x_wconf 86' lang='lat' dir='ltr'>fidem</span> <span class='ocrx_word' id='word_1_302' title='bbox 1448 3718 1605 3799; x_wconf 78' lang='lat' dir='ltr'>suecell&#39;u</span> <span class='ocrx_word' id='word_1_303' title='bbox 1633 3724 1731 3801; x_wconf 76' lang='lat' dir='ltr'>cde-</span> 
     </span>
     <span class='ocr_line' id='line_1_34' title="bbox 197 3750 1123 3922; baseline 0.011 -33"><span class='ocrx_word' id='word_1_304' title='bbox 197 3812 340 3891; x_wconf 87' lang='lat' dir='ltr'>bratur:</span> <span class='ocrx_word' id='word_1_305' title='bbox 365 3842 430 3893; x_wconf 86' lang='lat' dir='ltr'>nec</span> <span class='ocrx_word' id='word_1_306' title='bbox 454 3815 528 3895; x_wconf 88' lang='lat' dir='ltr'>seio</span> <span class='ocrx_word' id='word_1_307' title='bbox 552 3842 764 3919; x_wconf 85' lang='lat' dir='ltr'>quemquam</span> <span class='ocrx_word' id='word_1_308' title='bbox 790 3822 826 3896; x_wconf 93' lang='lat' dir='ltr'>id</span> <span class='ocrx_word' id='word_1_309' title='bbox 850 3750 1123 3922; x_wconf 50' lang='lat' dir='ltr'>reprehendisti.</span> 
     </span>
     <span class='ocr_line' id='line_1_35' title="bbox 296 3917 1733 4027; baseline 0.006 -33"><span class='ocrx_word' id='word_1_310' title='bbox 296 3917 422 3995; x_wconf 81' lang='lat' dir='ltr'>Etiam</span> <span class='ocrx_word' id='word_1_311' title='bbox 443 3918 678 4021; x_wconf 82' lang='lat' dir='ltr'>Callropalao</span> <span class='ocrx_word' id='word_1_312' title='bbox 701 3928 737 4002; x_wconf 80' lang='lat' dir='ltr'>dt</span> <span class='ocrx_word' id='word_1_313' title='bbox 757 3922 907 3999; x_wconf 82' lang='lat' dir='ltr'>Gonink</span> <span class='ocrx_word' id='word_1_314' title='bbox 927 3929 988 4025; x_wconf 88' lang='lat' dir='ltr'>qui</span> <span class='ocrx_word' id='word_1_315' title='bbox 1013 3929 1252 4005; x_wconf 84' lang='lat' dir='ltr'>admittendos</span> <span class='ocrx_word' id='word_1_316' title='bbox 1274 3948 1429 4026; x_wconf 85' lang='lat' dir='ltr'>negant,</span> <span class='ocrx_word' id='word_1_317' title='bbox 1454 3924 1638 4027; x_wconf 81' lang='lat' dir='ltr'>excipiunt</span> <span class='ocrx_word' id='word_1_318' title='bbox 1663 3926 1733 4005; x_wconf 73' lang='lat' dir='ltr'>nisa</span> 
     </span>
     <span class='ocr_line' id='line_1_36' title="bbox 191 4014 1730 4130; baseline 0.014 -43"><span class='ocrx_word' id='word_1_319' title='bbox 191 4014 355 4119; x_wconf 69' lang='lat' dir='ltr'>,specialis</span> <span class='ocrx_word' id='word_1_320' title='bbox 378 4019 508 4099; x_wconf 70' lang='lat' dir='ltr'>stultns</span> <span class='ocrx_word' id='word_1_321' title='bbox 527 4022 702 4120; x_wconf 85' lang='lat' dir='ltr'>¹speretur.</span> <span class='ocrx_word' id='word_1_322' title='bbox 740 4025 809 4101; x_wconf 88' lang='lat' dir='ltr'>Sed</span> <span class='ocrx_word' id='word_1_323' title='bbox 832 4029 914 4127; x_wconf 90' lang='lat' dir='ltr'>quia</span> <span class='ocrx_word' id='word_1_324' title='bbox 950 4034 1186 4107; x_wconf 89' lang='lat' dir='ltr'>communiter</span> <span class='ocrx_word' id='word_1_325' title='bbox 1211 4030 1367 4130; x_wconf 86' lang='lat' dir='ltr'>speratur</span> <span class='ocrx_word' id='word_1_326' title='bbox 1392 4029 1542 4124; x_wconf 72' lang='lat' dir='ltr'>fntdru,</span> <span class='ocrx_word' id='word_1_327' title='bbox 1580 4030 1691 4107; x_wconf 86' lang='lat' dir='ltr'>credo</span> <span class='ocrx_word' id='word_1_328' title='bbox 1716 4086 1730 4125; x_wconf 91' lang='lat'>,</span> 
     </span>
     <span class='ocr_line' id='line_1_37' title="bbox 167 4118 1731 4235; baseline 0.012 -43"><span class='ocrx_word' id='word_1_329' title='bbox 167 4132 170 4137; x_wconf 84' lang='lat'>&#39;</span> <span class='ocrx_word' id='word_1_330' title='bbox 196 4118 310 4235; x_wconf 73' lang='lat' dir='ltr'>inquit</span> <span class='ocrx_word' id='word_1_331' title='bbox 334 4120 444 4202; x_wconf 84' lang='lat' dir='ltr'>Card.</span> <span class='ocrx_word' id='word_1_332' title='bbox 469 4126 515 4197; x_wconf 90' lang='lat' dir='ltr'>de</span> <span class='ocrx_word' id='word_1_333' title='bbox 535 4124 665 4223; x_wconf 78' lang='lat' dir='ltr'>Lugo,</span> <span class='ocrx_word' id='word_1_334' title='bbox 688 4126 855 4203; x_wconf 72' lang='lat' dir='ltr'>Ecclesia</span> <span class='ocrx_word' id='word_1_335' title='bbox 877 4132 1052 4208; x_wconf 80' lang='lat' dir='ltr'>minilltos</span> <span class='ocrx_word' id='word_1_336' title='bbox 1073 4132 1160 4230; x_wconf 77' lang='lat' dir='ltr'>sape</span> <span class='ocrx_word' id='word_1_337' title='bbox 1186 4135 1396 4209; x_wconf 86' lang='lat' dir='ltr'>connivere.</span> <span class='ocrx_word' id='word_1_338' title='bbox 1423 4134 1525 4208; x_wconf 85' lang='lat' dir='ltr'>Adde</span> <span class='ocrx_word' id='word_1_339' title='bbox 1547 4150 1614 4226; x_wconf 90' lang='lat' dir='ltr'>tu,</span> <span class='ocrx_word' id='word_1_340' title='bbox 1637 4158 1731 4209; x_wconf 89' lang='lat' dir='ltr'>eon·</span> 
     </span>
     <span class='ocr_line' id='line_1_38' title="bbox 194 4222 1727 4335; baseline 0.012 -43"><span class='ocrx_word' id='word_1_341' title='bbox 194 4222 390 4301; x_wconf 75' lang='lat' dir='ltr'>inventiam</span> <span class='ocrx_word' id='word_1_342' title='bbox 415 4224 608 4300; x_wconf 79' lang='lat' dir='ltr'>illiusmodi</span> <span class='ocrx_word' id='word_1_343' title='bbox 632 4226 943 4305; x_wconf 78' lang='lat' dir='ltr'>honestabiliorem</span> <span class='ocrx_word' id='word_1_344' title='bbox 966 4232 1033 4309; x_wconf 81' lang='lat' dir='ltr'>ell&#39;e</span> <span class='ocrx_word' id='word_1_345' title='bbox 1055 4234 1206 4331; x_wconf 70' lang='lat' dir='ltr'>relpellu</span> <span class='ocrx_word' id='word_1_346' title='bbox 1233 4235 1427 4329; x_wconf 85' lang='lat' dir='ltr'>Indontm,</span> <span class='ocrx_word' id='word_1_347' title='bbox 1452 4238 1512 4335; x_wconf 86' lang='lat' dir='ltr'>qui</span> <span class='ocrx_word' id='word_1_348' title='bbox 1531 4262 1605 4335; x_wconf 87' lang='lat' dir='ltr'>quo</span> <span class='ocrx_word' id='word_1_349' title='bbox 1626 4260 1727 4311; x_wconf 83' lang='lat' dir='ltr'>men·</span> 
     </span>
     <span class='ocr_line' id='line_1_39' title="bbox 195 4319 1728 4437; baseline 0.014 -43"><span class='ocrx_word' id='word_1_350' title='bbox 195 4319 336 4437; x_wconf 74' lang='lat' dir='ltr'>resunt</span> <span class='ocrx_word' id='word_1_351' title='bbox 359 4326 473 4423; x_wconf 85' lang='lat' dir='ltr'>magis</span> <span class='ocrx_word' id='word_1_352' title='bbox 496 4326 649 4425; x_wconf 67' lang='lat' dir='ltr'>inopes,</span> <span class='ocrx_word' id='word_1_353' title='bbox 797 4332 899 4407; x_wconf 86' lang='lat' dir='ltr'>ilibus</span> <span class='ocrx_word' id='word_1_354' title='bbox 932 4336 1053 4430; x_wconf 74' lang='lat' dir='ltr'>potitis</span> <span class='ocrx_word' id='word_1_355' title='bbox 1077 4356 1284 4413; x_wconf 88' lang='lat' dir='ltr'>moventur:</span> <span class='ocrx_word' id='word_1_356' title='bbox 1322 4340 1402 4414; x_wconf 87' lang='lat' dir='ltr'>ideo</span> <span class='ocrx_word' id='word_1_357' title='bbox 1431 4338 1529 4416; x_wconf 85' lang='lat' dir='ltr'>sacra</span> <span class='ocrx_word' id='word_1_358' title='bbox 1563 4364 1728 4421; x_wconf 58' lang='lat' dir='ltr'>ememo-</span> 
     </span>
     <span class='ocr_line' id='line_1_40' title="bbox 193 4424 1725 4538; baseline 0.015 -42"><span class='ocrx_word' id='word_1_359' title='bbox 193 4442 335 4500; x_wconf 84' lang='lat' dir='ltr'>ntatum</span> <span class='ocrx_word' id='word_1_360' title='bbox 357 4424 520 4518; x_wconf 77' lang='lat' dir='ltr'>majestas</span> <span class='ocrx_word' id='word_1_361' title='bbox 543 4432 662 4528; x_wconf 81' lang='lat' dir='ltr'>aptior</span> <span class='ocrx_word' id='word_1_362' title='bbox 679 4430 736 4507; x_wconf 86' lang='lat' dir='ltr'>eil</span> <span class='ocrx_word' id='word_1_363' title='bbox 753 4456 773 4508; x_wconf 87' lang='lat' dir='ltr'>a</span> <span class='ocrx_word' id='word_1_364' title='bbox 823 4430 931 4511; x_wconf 83' lang='lat' dir='ltr'>fidem</span> <span class='ocrx_word' id='word_1_365' title='bbox 950 4462 1013 4511; x_wconf 86' lang='lat' dir='ltr'>eos</span> <span class='ocrx_word' id='word_1_366' title='bbox 1032 4434 1193 4529; x_wconf 80' lang='lat' dir='ltr'>afficere,</span> <span class='ocrx_word' id='word_1_367' title='bbox 1220 4446 1257 4515; x_wconf 78' lang='lat' dir='ltr'>dt</span> <span class='ocrx_word' id='word_1_368' title='bbox 1283 4442 1328 4515; x_wconf 92' lang='lat' dir='ltr'>ad</span> <span class='ocrx_word' id='word_1_369' title='bbox 1348 4437 1429 4515; x_wconf 85' lang='lat' dir='ltr'>fidei</span> <span class='ocrx_word' id='word_1_370' title='bbox 1449 4439 1725 4538; x_wconf 73' lang='lat' dir='ltr'>profelsroeem.</span> 
     </span>
     <span class='ocr_line' id='line_1_41' title="bbox 292 4524 1726 4631; baseline 0.015 -30"><span class='ocrx_word' id='word_1_371' title='bbox 292 4524 537 4605; x_wconf 83' lang='lat' dir='ltr'>Nihilominus</span> <span class='ocrx_word' id='word_1_372' title='bbox 571 4536 685 4631; x_wconf 81' lang='lat' dir='ltr'>praxis</span> <span class='ocrx_word' id='word_1_373' title='bbox 720 4534 827 4611; x_wconf 82' lang='lat' dir='ltr'>lndos</span> <span class='ocrx_word' id='word_1_374' title='bbox 863 4535 1018 4615; x_wconf 80' lang='lat' dir='ltr'>in&#39;fidelea</span> <span class='ocrx_word' id='word_1_375' title='bbox 1050 4541 1190 4614; x_wconf 88' lang='lat' dir='ltr'>arcendi</span> <span class='ocrx_word' id='word_1_376' title='bbox 1226 4544 1246 4614; x_wconf 78' lang='lat' dir='ltr'>:l</span> <span class='ocrx_word' id='word_1_377' title='bbox 1282 4541 1456 4621; x_wconf 81' lang='lat' dir='ltr'>sacrificio</span> <span class='ocrx_word' id='word_1_378' title='bbox 1503 4568 1577 4619; x_wconf 78' lang='lat' dir='ltr'>non</span> <span class='ocrx_word' id='word_1_379' title='bbox 1618 4564 1726 4623; x_wconf 80' lang='lat' dir='ltr'>earet</span> 
     </span>
     <span class='ocr_line' id='line_1_42' title="bbox 188 4629 1724 4747; baseline 0.014 -42"><span class='ocrx_word' id='word_1_380' title='bbox 188 4629 373 4725; x_wconf 68' lang='lat' dir='ltr'>exemplo.</span> <span class='ocrx_word' id='word_1_381' title='bbox 400 4630 553 4708; x_wconf 72' lang='lat' dir='ltr'>Acuebat</span> <span class='ocrx_word' id='word_1_382' title='bbox 575 4630 618 4708; x_wconf 77' lang='grc' dir='ltr'>Ρ.</span> <span class='ocrx_word' id='word_1_383' title='bbox 645 4638 823 4713; x_wconf 78' lang='lat' dir='ltr'>Antonius</span> <span class='ocrx_word' id='word_1_384' title='bbox 847 4638 940 4717; x_wconf 83' lang='lat' dir='ltr'>Ruiz</span> <span class='ocrx_word' id='word_1_385' title='bbox 962 4642 1009 4716; x_wconf 86' lang='lat' dir='ltr'>de</span> <span class='ocrx_word' id='word_1_386' title='bbox 1032 4638 1215 4735; x_wconf 75' lang='lat' dir='ltr'>Montoya</span> <span class='ocrx_word' id='word_1_387' title='bbox 1239 4644 1275 4720; x_wconf 85' lang='lat' dir='ltr'>S.</span> <span class='ocrx_word' id='word_1_388' title='bbox 1302 4643 1334 4742; x_wconf 84' lang='lat' dir='ltr'>J.</span> <span class='ocrx_word' id='word_1_389' title='bbox 1361 4648 1420 4747; x_wconf 90' lang='lat' dir='ltr'>qui</span> <span class='ocrx_word' id='word_1_390' title='bbox 1444 4645 1724 4725; x_wconf 77' lang='lat' dir='ltr'>Guatanioruna</span> 
     </span>
     <span class='ocr_line' id='line_1_43' title="bbox 188 4726 1727 4834; baseline 0.018 -31"><span class='ocrx_word' id='word_1_391' title='bbox 188 4728 229 4803; x_wconf 90' lang='lat' dir='ltr'>ln</span> <span class='ocrx_word' id='word_1_392' title='bbox 260 4726 474 4830; x_wconf 75' lang='lat' dir='ltr'>Paragutria</span> <span class='ocrx_word' id='word_1_393' title='bbox 508 4735 698 4833; x_wconf 69' lang='lat' dir='ltr'>Apostolus</span> <span class='ocrx_word' id='word_1_394' title='bbox 721 4740 855 4816; x_wconf 84' lang='lat' dir='ltr'>audit.</span> <span class='ocrx_word' id='word_1_395' title='bbox 888 4740 939 4818; x_wconf 75' lang='lat' dir='ltr'>Et</span> <span class='ocrx_word' id='word_1_396' title='bbox 975 4745 1085 4821; x_wconf 85' lang='lat' dir='ltr'>arceri</span> <span class='ocrx_word' id='word_1_397' title='bbox 1121 4742 1213 4834; x_wconf 79' lang='lat' dir='ltr'>julsrt</span> <span class='ocrx_word' id='word_1_398' title='bbox 1247 4744 1478 4826; x_wconf 87' lang='lat' dir='ltr'>Chacoenses</span> <span class='ocrx_word' id='word_1_399' title='bbox 1515 4748 1574 4827; x_wconf 85' lang='lat' dir='ltr'>lll.</span> <span class='ocrx_word' id='word_1_400' title='bbox 1602 4748 1727 4829; x_wconf 79' lang='lat' dir='ltr'>{llam</span> 
     </span>
     <span class='ocr_line' id='line_1_44' title="bbox 474 4850 1673 4929; baseline 0.006 -7"><span class='ocrx_word' id='word_1_401' title='bbox 474 4878 479 4889; x_wconf 92' lang='lat'><em>·</em></span> <span class='ocrx_word' id='word_1_402' title='bbox 1589 4850 1673 4929; x_wconf 84' lang='lat' dir='ltr'>Tu·</span> 
     </span>
    </p>
   </div>
   <div class='ocr_carea' id='block_1_7' title="bbox 189 5026 899 5135">
    <p class='ocr_par' dir='ltr' id='par_1_8' title="bbox 189 5026 899 5135">
     <span class='ocr_line' id='line_1_45' title="bbox 189 5026 899 5135; baseline -0.003 -8"><span class='ocrx_word' id='word_1_403' title='bbox 189 5026 195 5087; x_wconf 80' lang='lat'><em>3</em></span> <span class='ocrx_word' id='word_1_404' title='bbox 228 5054 284 5126; x_wconf 78' lang='lat' dir='ltr'>la)</span> <span class='ocrx_word' id='word_1_405' title='bbox 304 5062 361 5119; x_wconf 86' lang='lat' dir='ltr'>cc.</span> <span class='ocrx_word' id='word_1_406' title='bbox 376 5065 474 5135; x_wconf 60' lang='lat' dir='ltr'>areop.</span> <span class='ocrx_word' id='word_1_407' title='bbox 494 5062 514 5120; x_wconf 88' lang='lat' dir='ltr'>t.</span> <span class='ocrx_word' id='word_1_408' title='bbox 536 5068 564 5121; x_wconf 81' lang='lat' dir='ltr'>a.</span> <span class='ocrx_word' id='word_1_409' title='bbox 584 5084 609 5123; x_wconf 70' lang='lat' dir='ltr'>e.</span> <span class='ocrx_word' id='word_1_410' title='bbox 625 5068 657 5120; x_wconf 83' lang='lat' dir='ltr'>a.</span> <span class='ocrx_word' id='word_1_411' title='bbox 675 5068 715 5126; x_wconf 77' lang='lat' dir='ltr'>u</span> <span class='ocrx_word' id='word_1_412' title='bbox 738 5066 781 5125; x_wconf 59' lang='lat' dir='ltr'>aaz</span> <span class='ocrx_word' id='word_1_413' title='bbox 871 5040 899 5073; x_wconf 77' lang='grc'>·’</span> 
     </span>
    </p>
   </div>
   <div class='ocr_carea' id='block_1_8' title="bbox 1448 5274 1776 5411">
    <p class='ocr_par' dir='ltr' id='par_1_9' title="bbox 1448 5274 1776 5411">
     <span class='ocr_line' id='line_1_46' title="bbox 1448 5274 1776 5411; baseline -0.003 -14"><span class='ocrx_word' id='word_1_414' title='bbox 1448 5274 1776 5411; x_wconf 51' lang='grc' dir='ltr'>,αι</span> 
     </span>
    </p>
   </div>
   <div class='ocr_carea' id='block_1_9' title="bbox 0 0 1936 5686">
    <p class='ocr_par' dir='ltr' id='par_1_10' title="bbox 0 0 1936 5686">
     <span class='ocr_line' id='line_1_47' title="bbox 0 0 1936 5686; baseline 0 8"><span class='ocrx_word' id='word_1_415' title='bbox 0 0 1936 5686; x_wconf 95' lang='lat' dir='ltr'> </span> 
     </span>
    </p>
   </div>
  </div>
 </body>
</html>
