3856 5678
570 311 1073 395 Aeosrottca.
1130 281 1442 416 1500.1563.'
1625 339 1695 417 215

216 456 281 559 Sed
306 458 419 533 valuit
444 454 587 532 tantum
614 461 800 558 adqannos
823 460 1151 558 vigintiquinque,
1174 455 1379 560 idestusque
1402 459 1450 536 ad
1473 482 1612 538 anuum
1637 455 1749 559 1587.

219 563 273 639 lta
297 561 359 638 cit.
383 559 630 639 Summarium
653 584 699 637 ex
726 558 894 635 Manuali
922 558 1136 638 Mexicano.

631 762 1139 843 ORDINATIO
1241 763 1340 840 CIV.
1456 821 1459 826 .

766 867 907 944 Eodem
927 891 1029 944 anno
1054 871 1091 943 dc
1114 866 1197 963 die..

226 1068 348 1246 UT
375 1065 535 1166 Episcopi
559 1066 745 1144 Indiarum
770 1070 816 1144 ad
841 1068 1099 1145 conficiendum
1121 1065 1261 1144 sactum
1287 1066 1438 1143 chrisma
1461 1066 1517 1143 uti
1554 1067 1682 1166 polsmt
1708 1066 1753 1141 li-

340 1193 450 1266 quote
477 1224 489 1259 ,
514 1195 621 1266 quem
645 1169 843 1247 balsamum
872 1172 916 1245 ibi
941 1191 1093 1261 vocant,
1117 1174 1280 1268 quamvis
1305 1167 1448 1244 nonsit
1481 1195 1605 1244 verum
1637 1168 1752 1244 balsa-

224 1297 337 1351 mum.
367 1270 424 1345 lta
448 1270 598 1345 habetur
623 1274 661 1346 in
687 1273 746 1345 cit.
773 1271 1000 1355 Summario,
1028 1276 1065 1346 in
1090 1272 1238 1347 Tabulis
1265 1259 1414 1347 Claudii
1452 1269 1684 1365 Clementis„
1718 1275 1758 1348 v&

225 1373 311 1470 apud
337 1368 528 1446 Lolsadam
554 1372 766 1462 addentem,
789 1373 889 1472 quod
913 1371 1041 1469 parum
1065 1369 1194 1464 refert,
1221 1371 1286 1448 esse
1317 1371 1454 1447 >fassam
1489 1373 1751 1453 concessionem

232 1475 267 1547 ad
291 1471 496 1547 instantiam
523 1472 578 1545 Fr.
605 1472 779 1549 Francisc'i
806 1475 1048 1564 Armellones,
1076 1498 1150 1547 non
1177 1474 1223 1549 ad
1246 1474 1452 1548 instantiam
1474 1474 1586 1572 Regis
1611 1471 1753 1548 Catho-

230 1574 305 1666 lici,
331 1595 371 1648 ιιι
398 1571 486 1648 alias
509 1571 682 1648 habetur.
707 1573 779 1650 Sed
802 1596 949 1673 uterque
974 1573 1052 1649 suas
1077 1577 1194 1673 potuit
1219 1577 1444 1674 interponere
1468 1599 1607 1673 preces,
1644 1577 1755 1673 inanis

231 1676 281 1750 m'e
305 1700 390 1750 cum
411 1673 589 1749 concessio
613 1676 739 1749 eadem
761 1672 857 1752 'falla
893 1673 937 1749 stt
974 1673 1081 1752 semel
1107 1683 1143 1754 dc
1169 1678 1320 1775 iterum,
1340 1696 1386 1749 ut
1421 1676 1462 1749 in
1483 1677 1617 1754 eodem
1646 1676 1756 1752 Sum·
1854 1705 1856 1709 ’

226 1778 340 1853 mario
358 1775 574 1875 exponitur.
598 1776 695 1851 vide
714 1774 812 1853 ‘infra
833 1800 945 1872 anno,
967 1797 1076 1876 1571.
1105 1801 1138 1853 ι.
1165 1778 1263 1878 Aug.
1282 1776 1380 1852 «ord.
1408 1799 1428 1851 a
1436 1797 1456 1874 3
1463 1795 1499 1875 3.
1822 1780 1826 1785 ’

651 1975 1162 2059 onoruasto
1250 1943 1345 2056 cu

211 2180 357 2360 UT
383 2179 521 2256 sacmm
547 2180 699 2257 chrisma
725 2181 827 2282 possit
852 2181 982 2257 confici
1009 2204 1090 2258 cum
1110 2206 1266 2259 ‘numero
1292 2178 1532 2258 ministrorum
1553 2182 1617 2282 qni
1649 2203 1755 2281 tepe-

348 2283 457 2375 ritur,
471 2285 643 2382 quamvis
670 2311 743 2359 non
764 2305 826 2359 tot
851 2283 917 2359 fint
942 2305 1030 2382 quot
1053 2287 1239 2381 requirunt
1264 2286 1362 2374 jura.
1382 2283 1448 2357 Sic
1474 2281 1621 2359 habetur
1643 2284 1685 2358 'in
1709 2283 1756 2384 ci

201 2397 305 2459 tato
323 2384 535 2459 Summatio
560 2411 604 2460 ex
620 2387 754 2460 litteris
779 2384 981 2482 apostolicis
1007 2385 1101 2481 apud
1121 2383 1430 2462 Battlaolomaeum
1456 2384 1628 2459 Ledesma
1657 2387 1695 2459 in
1719 2380 1764 2459 fi
1795 2427 1805 2446 ·

195 2502 270 2560 ne
291 2485 453 2561 Summae
481 2485 772 2561 sacramentalis:
798 2493 835 2564 dt
851 2485 952 2565 sorte
973 2485 1061 2560 sunt.
1079 2488 1234 2581 eadem,
1262 2489 1299 2561 in
1323 2486 1446 2587 quibus
1466 2488 1765 2584 praecedenscon·

194 2585 331 2662 cessio
358 2583 547 2683 fit.·Q10t
571 2589 655 2664 verb
683 2588 931 2664 ministrorum
951 2585 1144 2663 assilientia
1165 2589 1367 2687 requiratur
1393 2588 1439 2661 ad
1476 2587 1674 2662 chrismatis
1711 2611 1764 2660 re·

189 2690 480 2781 novationem,
517 2691 623 2766 habes
649 2692 687 2765 in
724 2689 952 2788 pontificali.
989 2689 1146 2766 Concilii
1186 2686 1486 2786 Rhotomagcnsts
1521 2693 1603 2763 anni
1643 2705 1759 2779 1072.

197 2808 348 2864 canon
371 2788 425 2864 est
451 2795 550 2879 (c):
570 2791 754 2866 Secundum
772 2791 908 2867 :statuta
934 2790 1078 2867 Patrutn
1096 2792 1329 2884 chrismatis,
1352 2798 1386 2868 d(
1421 2792 1489 2867 olei
1512 2788 1733 2890 baptismatis
1768 2843 1781 2882 ,
1885 2840 1888 2845 -

196 2889 268 2968 ὁ(
291 2893 466 2967 unctionis
490 2891 709 2967 consecratio
736 2890 799 2968 fiat
825 2893 1172 2989 horacompetente,
1194 2890 1329 2967 scilicet
1352 2890 1433 2990 post
1458 2892 1607 2968 Nonam
1634 2915 1681 2964 η
1709 2946 1718 2965 .
1748 2943 1760 2962 .

192 2975 347 3069 Debet
383 2988 574 3091 Episcopus
599 3015 650 3069 rut
685 2993 874 3070 duodecim
904 2993 1103 3068 sacerdotes
1133 2992 1409 3081 sacerdotalibus
1435 2993 1584 3069 vestibus
1622 2995 1764 3068 indutos

209 3089 353 3170 secum
382 3094 517 3171 habeat
553 3117 699 3187 curate,
725 3097 789 3169 {vel
809 3094 1076 3192 quamplures.
1104 3094 1151 3169 Et
1186 3093 1394 3169 Concilium
1420 3091 1692 3170 Mediolanense
1736 3090 1793 3189 lsi

206 3193 303 3286 (b)
328 3187 508 3296 praec'ipit,
547 3217 586 3270 ut
613 3221 696 3271 cum
717 3198 841 3271 oleum
879 3195 1076 3270 chrismatis
1103 3192 1358 3289 consecratur,
1397 3194 1549 3272 omnino
1576 3192 1776 3289 intersint,

213 3299 290 3395 qui
315 3296 505 3395 dignitates
531 3302 566 3374 dt
591 3297 794 3396 personatus
817 3300 1003 3389 obtinent,
1030 3302 1066 3374 dc
1091 3299 1276 3388 canonici,
1303 3303 1338 3373 d(
1364 3297 1487 3393 reliqui
1515 3292 1677 3370 Ecclefiae
1700 3294 1785 3385 Ca,-x

190 3450 200 3457 -
236 3397 404 3483 thedtalis
431 3400 570 3491 clerici,
597 3406 632 3478 δι
656 3425 743 3497 quos
765 3399 957 3498 Episcopus
982 3399 1163 3473 vocandos
1186 3399 1329 3473 duxerit
1348 3402 1399 3492 de
1422 3398 1577 3474 ecclesiis
1592 3396 1782 3488 civitatisc‘

220 3502 291 3574 -vel
314 3502 479 3586 dioecests..
1372 3512 1377 3520 '

489 3707 494 3725 ⁸
600 3699 1194 3781 ‘ORDINA‘TIO
1284 3695 1394 3778 uvl.

785 3803 895 3878 Anno
919 3813 1033 3903 1563.
1057 3829 1097 3879 2.
1125 3803 1224 3898 Febr,

239 4053 243 4063 ·
333 4004 369 4082 T
395 4006 533 4104 quoties
562 4005 586 4079 ii
612 4007 671 4103 qui
696 4001 776 4082 vers
799 4003 1013 4104 poenitentes
1038 4013 1073 4084 δι
1098 3997 1373 4096 confessisunt,
1405 3995 1474 4080 'sive
1500 4000 1646 4079 firmum
1684 4002 1770 4079 cois

240 4130 245 4143 ·
360 4105 487 4182 stitutis
514 4107 730 4202 temporibus
754 4107 945 4184 confitendi
978 4106 1201 4207 propositum
1237 4107 1405 4193 habentes
1431 4108 1583 4205 aliquem
1608 4127 1653 4180 ex
1693 4101 1774 4178 infi-

229 4209 386 4303 delitate
415 4206 482 4281 sive
506 4208 552 4282 ab
578 4209 779 4284 idololatria
796 4211 852 4286 ad
878 4212 950 4286 veti
977 4211 1049 4285 Dei
1076 4213 1212 4286 cultum
1239 4210 1475 4301 reduxerint,
1513 4209 1618 4282 toties
1658 4206 1829 4304 plena-2

151 4330 156 4353 ¹
238 4311 332 4385 riam
358 4310 641 4406 indulgentiam,
663 4312 934 4410 plenariumque
960 4312 1134 4402 jubilaeum
1160 4310 1439 4411 consequantur,
1467 4310 1631 4401 adjunssa
1659 4310 1778 4406 aliqua
1825 4304 1831 4359 l

241 4436 300 4506 per
326 4407 535 4486 consessores
553 4412 773 4509 poenitentia
798 4414 942 4490 salutari
971 4413 1175 4491 arbitraria:
1203 4440 1266 4511 pto
1291 4435 1362 4511 quo
1387 4416 1530 4487 illorum
1556 4410 1779 4486 conscientias

242 4533 438 4588 onerantur
465 4567 474 4583 .
502 4509 560 4587 lta
586 4510 692 4589 tesert
711 4515 920 4592 Avendatio
947 4521 1037 4604 (c):
1064 4514 1386 4616 &quamvisjam
1409 4513 1617 4611 expiraverit
1653 4509 1780 4608 quippe

244 4617 288 4688 ad
315 4614 519 4690 vicennium
549 4633 699 4689 :tantum
717 4616 872 4694 valitura
889 4617 1097 4709 conceffi03
1134 4616 1191 4693 sed
1218 4642 1239 4690 a
1264 4608 1507 4690 successoribus
1544 4610 1774 4712 Pontificibus

866 4746 869 4751 ·
1601 4734 1729 4809 ‘proro-

1144 4841 1395 4866 -u—-h——n-n
1458 4839 1460 4843 '

283 4951 326 5022 (a)
339 4955 373 5011 C·
382 4951 502 5010 Rbotom.
511 4957 543 5011 C.
561 4953 670 5018 nawa
679 4935 769 5014 Hasd.
779 4971 803 5014 t.
815 4966 842 5011 ι.
855 4975 877 5014 c.
889 4960 974 5011 1188.
997 4927 1589 5025 (b)c.Medi01.apuaeanus.n.c.cac.
1618 4920 1782 5018 (clvsvend.

156 5090 160 5095 ,
243 5028 292 5088 tit.
317 5027 572 5100 120Tbefidn-n.
595 5033 661 5100 Μ.
928 5032 932 5039 ’
