3864 5686
529 249 1040 362 nnosro‘rrca.
1095 302 1202 379 1700.
1241 289 1367 379 ¹176&
1588 278 1665 383 '531

184 446 233 504 ue
256 421 318 503 sub
342 420 582 514 facilioribus,
618 420 680 500 sed
704 423 837 500 debent
871 422 1068 524 specialiter
1092 419 1281 523 fignificuri
1304 428 1340 500 dt
1375 419 1549 519 exprimit
1582 405 1723 499 atrion

183 526 269 644 sctis
287 528 500 644 'exprimitur
524 527 682 602 duorum
707 550 886 604 annorum
911 527 1114 619 concessio,
1152 549 1212 623 per
1237 523 1505 616 concessionem
1531 526 1723 625 repetitam

184 653 506 807 wmbiebnbbilat
532 731 647 827 prima
671 731 709 806 in
733 731 953 807 contrarium
979 729 1096 823 ratio,
1132 728 1223 828 quia·
1239 727 1314 804 fine
1348 706 1584 831 fundamento
1621 724 1723 826 poni·

173 824 269 924 tur,
295 837 330 910 dt
356 832 481 931 probat
507 832 686 909 incertum
720 855 781 930 per
806 833 842 907 id
867 833 965 933 quod
1001 829 1108 907 facilc
1132 834 1334 931 negaretis.
1367 831 1437 909 Sed
1463 854 1529 906 nec
1568 827 1617 906 est
1643 849 1721 909 tarn

184 956 309 1008 rarum
334 958 376 1008 ac
401 931 546 1008 difficile
570 935 677 1009 horas
702 958 774 1009 una
800 936 917 1033 plnres
940 954 1027 1010 ante
1050 959 1219 1009 auroram
1244 935 1288 1009 ad
1314 932 1562 1008 celebrandum
1588 955 1718 1007 conce-

183 1032 294 1127 dere,
318 1034 565 1133 quamplures
590 1061 703 1111 acutos
728 1037 775 1112 ad
800 1037 940 1112 ordines
967 1037 1236 1134 anticipandos.
1258 1035 1345 1112 Non
1370 1033 1420 1110 cll
1445 1035 1563 1133 potior
1598 1034 1720 1109 secun·

184 1135 234 1210 da
260 1141 378 1228 ratio,
404 1161 490 1212 narn
516 1138 738 1235 privilegium
765 1137 910 1237 praesent
935 1138 974 1212 id
995 1158 1185 1239 operatur,
1212 1159 1252 1213 ut
1269 1139 1381 1212 'etiarn
1400 1134 1586 1217 deficiente
1607 1138 1721 1212 aliun·
1748 1154 1751 1159 ⁴

184 1237 233 1311 dc
258 1239 441 1335 privilegio
464 1241 562 1336 quod
585 1265 653 1316 nec
676 1239 812 1338 semper
836 1263 902 1321 nec
926 1240 1054 1337 ubique
1077 1238 1198 1330 adest,
1225 1237 1326 1338 poffit
1351 1238 1429 1345 quis
1446 1239 1611 1327 ¹ordinari
1647 1262 1725 1314 uno

186 1358 273 1415 anre
298 1340 515 1417 canonicum
541 1362 678 1460 tempus
714 1364 850 1434 annon
871 1341 949 1419 Nec
983 1339 1034 1416 est
1059 1340 1315 1433 necessarium,
1347 1339 1443 1448 quod
1473 1339 1657 1441 privilegia
1684 1341 1724 1415 in

184 1441 290 1521 omni
312 1439 500 1538 hypothes
526 1444 658 1543 aliqud
682 1464 893 1543 operentur.
919 1442 1015 1521 Satis
1038 1441 1109 1535 est,
1146 1467 1192 1521 ne
1215 1444 1381 1519 dicantur
1417 1441 1589 1535 inutilia,
1625 1439 1723 1540 qubd

186 1543 322 1640 aliquid
347 1556 537 1640 operentur
560 1564 684 1644 practer
709 1569 901 1623 commune
927 1546 1000 1637 jus,
1039 1543 1134 1643 quod
1161 1543 1303 1620 tantbm
1329 1599 1339 1635 ,
1367 1546 1403 1620 ὅ(
1428 1566 1503 1645 non
1528 1545 1581 1634 jur
1613 1544 1722 1642 parti·

185 1646 330 1737 colere,
358 1645 576 1744 presumitur
600 1645 767 1724 Pontifex
791 1648 879 1722 dum
939 1647 1097 1744 rivilegia
1136 1643 1315 1746 dispensat·
1338 1642 1468 1723 babere
1493 1647 1533 1721 in
1567 1644 1723 1721 sacrario

184 1747 319 1827 rantis
342 1771 386 1824 ex
410 1747 548 1823 notatis
568 1749 667 1848 snpra
694 1748 788 1833 Ord.
813 1755 874 1839 67.
901 1671 995 1826 ibide
1020 1745 1060 1822 P.
1086 1744 1260 1837 Henao(
1305 1752 1342 1838 l.
1487 1832 1495 1849 ,

283 1848 351 1925 'Ad
378 1867 413 1943 3.
440 1852 650 1927 rationem:
685 1849 873 1948 Privilegia
909 1861 1104 1948 utcumque
1138 1848 1350 1931 favorabilia
1375 1850 1428 1925 ita
1465 1848 1632 1946 explicari
1666 1846 1725 1935 de

180 1947 296 2042 beot,
321 1969 363 2025 ut
388 1951 561 2027 terminos
585 1951 837 2054 concessionis,
864 1970 925 2028 aut
950 1952 1177 2039 concedentis
1201 1953 1426 2030 voluntatem
1462 1975 1538 2026 non
1573 1948 1724 2024 excedat

186 2053 402 2153 explicatio.
438 2050 591 2129 Excedit
616 2074 739 2129 tamen
774 2050 1015 2129 srconcessro
1040 2055 1143 2128 unios
1169 2054 1256 2130 anni
1293 2053 1339 2128 ad
1364 2054 1479 2151 plures
1513 2054 1725 2126 extendatur
1825 2053 1831 2062 '

188 2177 319 2239 antron
345 2151 584 2253 Praeterquam
606 2156 703 2256 quod
727 2155 973 2254 explicationis
1007 2152 1109 2229 favor
1134 2155 1377 2231 conciliandus
1414 2152 1464 2231 cst
1489 2178 1571 2229 cum
1601 2151 1726 2229 debito

188 2253 302 2330 uriae
325 2256 525 2351 explicandi
551 2259 732 2355 privilegia
757 2280 835 2352 quae
860 2258 926 2344 juri
952 2257 1136 2331 communi
1158 2253 1414 2332 adversantur.
1439 2340 1443 2347 ,

243 2360 325 2444 (ιι)
351 2357 501 2454 Simplici
524 2351 566 2436 sl
588 2359 720 2431 mixta.
744 2357 902 2453 Simplex
927 2347 1098 2431 nimirum
1123 2358 1252 2454 gradus
1277 2357 1440 2449 dicitur,
1467 2380 1550 2435 cum
1580 2373 1725 2432 contra·
1829 2411 1832 2416 -

189 2455 353 2531 bentium
380 2477 444 2532 aut
478 2459 687 2532 contrahere
721 2458 925 2532 amantium
956 2475 1104 2554 uterque
1136 2481 1166 2532 rc
1189 2458 1318 2543 ualiter
1353 2453 1505 2533 dillatal
1540 2460 1728 2535 communi

173 2557 329 2656 slipite3
357 2560 492 2632 mixtur
514 2559 601 2634 verb
625 2583 708 2634 cum
731 2561 825 2634 alter
851 2559 967 2649 altero
992 2559 1112 2634 minus
1133 2482 1260 2634 orbat.
1288 2558 1378 2634 Vide
1403 2556 1495 2663 Οτι.
1523 2581 1585 2657 95.
1770 2550 1775 2561 '

243 2665 341 2747 (ut)
366 2661 522 2734 samiis
547 2662 603 2757 qui
616 2715 625 2734 .
652 2661 892 2736 Declaratum
915 2657 964 2734 est
988 2661 1008 2733 a
1035 2659 1071 2735 S.
1097 2658 1241 2757 Congre
1268 2661 1389 2734 atione
1419 2659 1464 2734 dc
1489 2655 1736 2760 Propaganda-

194 2782 254 2836 ιι.
280 2761 351 2856 Jul.
383 2782 492 2857 ¹7¹¹·
531 2764 623 2861 apud
658 2764 720 2837 cir.
746 2761 918 2862 Marqnez
955 2760 1027 2851 (b)
1051 2760 1159 2861 'qnod
1183 2682 1359 2848 Bedriclio
1394 2758 1492 2838 Cum
1518 2764 1560 2837 iis
1595 2765 1656 2861 qui
1682 2764 1747 2855 ab

188 2859 313 2938 ltaercli
338 2866 393 2938 ucl
429 2861 641 2940 infidelitate
678 2881 959 2955 conuertuntur,
993 2861 1138 2957 refirtur
1163 2862 1323 2940 rantinn·
1343 2864 1389 2940 ad
1425 2861 1729 2964 dispensationem

188 2961 410 3041 insecundo
447 2965 762 3063 gradusrmplic13
796 2991 870 3041 non
908 2984 1030 3039 autem
1069 2966 1115 3043 ad
1138 2966 1273 3065 reliqua
1309 2964 1412 3041 uerba
1447 2963 1665 3065 Dispensandi
1690 2968 1731 3041 in

189 3063 370 3156 secundo,
398 3068 531 3159 tertio,
554 3072 592 3143 dt
614 3087 744 3164 quarto
768 3067 880 3163 gradu
905 3068 1048 3140 mixtis.
1071 3080 1074 3085 ’

245 3170 345 3255 (tv)
371 3164 428 3238 Ab
451 3165 606 3264 Episcopo
629 3167 816 3241 benedicta.
853 3166 937 3242 lmo
960 3171 1073 3242 etiam
1109 3193 1225 3267 aqua
1252 3190 1312 3264 per
1336 3190 1398 3243 coa
1427 3166 1611 3247 benedicta
1649 3167 1730 3266 pos-

190 3266 275 3344 sunt
300 3266 360 3365 qui
385 3269 425 3341 iu
458 3268 598 3344 Ordine
631 3268 822 3343 Minorum
854 3269 901 3344 de
933 3266 1173 3344 Obseruantia
1210 3266 1403 3368 superiores
1439 3268 1543 3365 sunt,
1580 3276 1616 3350 ὅ(
1645 3292 1729 3346 cum

189 3366 924 3548 d.5ls.lll‘²”l“.t.t‘lll¹ltll
939 3371 1027 3547 ¹33}ss
1051 3370 1202 3570 {tells
1220 3368 1730 3553 ’absistebant

191 3574 281 3648 liare
306 3576 463 3673 proprias
564 3572 698 3666 lesiaa,
735 3573 976 3666 coeuteteria,
1015 3577 1259 3666 decretoria,
1284 3581 1321 3652 dt
1344 3596 1471 3651 eorum
1505 3576 1731 3677 quodlibet,

193 3672 372 3771 sanguinis
396 3673 457 3751 scu
480 3675 624 3753 seminis
648 3673 844 3768 effufione,
867 3673 928 3749 seu
953 3676 1041 3749 alias
1065 3670 1336 3775 quomodolibet
1363 3680 1540 3773 pollutas,
1565 3679 1625 3755 seu
1650 3679 1725 3778 pol·

192 3779 270 3853 luta
296 3778 434 3873 quoties
458 3803 483 3853 ο
506 3803 547 3854 us
582 3779 724 3870 fuerit3
759 3796 801 3851 ut
838 3773 1037 3851 concellum
1062 3776 1177 3853 elleal
1211 3776 1337 3853 lneone
1362 3776 1409 3855 Χ.
1445 3803 1506 3878 per
1539 3777 1665 3860 const.
1692 3789 1731 3860 6.

187 3880 375 4058 &gignis
439 3903 562 4066 hstes,
586 3905 631 3956 ex
656 3878 794 3954 Bnllar.
816 3877 1050 3978 Regillarium
1084 3877 1216 3953 dieitur
1241 3879 1280 3951 in
1302 3876 1532 3976 Compendio
1555 3876 1731 3983 'Privileg.

268 3983 440 4054 ..Ecc
493 3988 662 4073 ΜΛ.
1563 3982 1566 3989 ’
1643 3990 1648 3997 ’

246 4085 333 4171 (v)
358 4079 561 4176 Alsclomdi
584 4081 626 4156 ab
652 4074 780 4168 haral.
816 4077 1024 4158 Permiffitm
1050 4079 1183 4183 erat'll
1206 4076 1379 4157 Concilio
1403 4078 1620 4163 Tridentino
1658 4088 1730 4179 (e)

187 4182 377 4284 Episcopit
399 4184 445 4258 ab
470 4185 616 4261 occulta
641 4183 763 4260 baren
789 4180 966 4271 absoluere
991 4184 1031 4259 in
1047 4179 1137 4261 ¹sor'o
1161 4181 1409 4261 conscientie.
1434 4182 1510 4260 Sed
1532 4185 1653 4269 ablata
1677 4187 1734 4271 est

186 4284 270 4365 lucc
297 4283 453 4363 facultas
476 4312 538 4385 per
564 4284 981 4364 cantamen-‘acm
1000 4286 1348 4389 promulgationem,
1374 4276 1487 4362 ut‘28.
1501 4284 1602 4365 Febr.
1621 4296 1733 4369 1602.
1852 4372 1857 4381 ,

186 4390 390 4464 declaravit
412 4389 451 4463 S
477 4388 725 4488 congregatio
751 4390 845 4488 apud
877 4386 989 4464 Card.
1015 4386 1119 4466 Petra
1156 4389 1255 4486 (d).
1292 4389 1363 4464 Cui
1390 4389 1627 4467 declarationi
1663 4413 1735 4479 tres

187 4491 285 4567 aba
311 4489 514 4568 conformes
541 4493 701 4588 adjungit
725 4492 931 4568 Gallemart
956 4496 1052 4581 (e).
1076 4490 1135 4567 Ex
1160 4492 1283 4587 qurlun
1308 4494 1425 4566 elucet
1462 4514 1624 4588 quaenam
1655 4491 1731 4573 suc·

187 4591 241 4670 rit
267 4617 369 4669 mens
395 4593 592 4669 Alexandri
619 4593 709 4668 Vll.
734 4595 939 4671 damnantis
964 4618 1045 4668 eam
1056 4589 1357 4693 propositionem:
1381 4593 1555 4666 Sentnrtia
1579 4591 1731 4671 asserens
1885 4695 1889 4703 ι

1492 4778 1506 4787 ,.
1522 4776 1538 4789 .,
1591 4693 1679 4787 uu-

233 4871 294 4944 (ι)
316 4844 744 4947 a...,0....1‘›.s....·a
766 4873 882 4947 naas.
904 4892 979 4930 ..a
1002 4893 1046 4936 ι..
1088 4868 1576 4945 <atmq.to.aa.4.s.1.

230 4949 293 5022 (c)
308 4953 344 5009 C.
360 4949 455 5011 fr'd.
469 4953 529 5023 sets.
552 4973 596 5021 ²4·
617 4971 678 5019 cap.
695 4964 727 5008 e.
756 4950 822 5021 sd)
842 4953 1007 5022 asem,
1025 4965 1091 5011 rm.
1113 4970 1140 5020 ς.
1159 4947 1253 5008 eds.
1279 4952 1323 5003 ιι.
1344 4948 1506 5017 [ΜΝ.
1525 4966 1676 5019 men-19.

232 5028 294 5104 (e)
312 5029 435 5090 Gallem.
455 5032 486 5090 in
505 5031 557 5094 loc.
576 5029 609 5089 T
610 5031 666 5104 rid.
688 5028 910 5090 centanam.
1169 5099 1251 5180 ΣΗ
1296 5124 1320 5178 2
