3864 5686
574 305 1072 386 NOVIORBl&
1491 331 1541 404 m

56 443 308 547 conquirendis
331 446 454 541 terris,
491 471 541 524 an
563 446 732 547 Hispanis
764 450 802 524 in
828 449 947 548 praelia
973 446 1145 524 vocandis
1178 445 1318 526 decreta
1354 445 1464 528 suerit
1487 451 1548 529 illa
1573 477 1588 547 ς

53 573 139 627 cum
168 547 307 628 constet
332 550 450 650 aliqua
478 551 515 629 id
540 575 651 650 genus
677 552 876 627 tentamina
902 548 1070 650 cogitasse
1095 550 1355 655 Verazaniurn.

767 677 880 752 1524.

534 754 1091 854 ,ffifflmnmfflmmm.

105 856 273 957 inceptas
296 885 473 936 novenam
496 861 684 959 regiontun
718 857 957 960 inquisitiones
992 856 1213 958 prosequitur
1248 876 1311 939 aut
1337 879 1433 939 certe
1459 862 1585 962 incipit
1648 902 1655 920 ·

56 959 301 1055 verannius,
327 985 432 1064 arque
458 961 600 1038 Martio
624 963 745 1040 mense
770 963 954 1039 floridam
979 963 1152 1060 attingit,
1184 964 1281 1039 unde
1303 987 1390 1038 cum
1412 966 1587 1066 quinqua·

54 1065 156 1162 ginta
183 1066 303 1141 leucas
329 1069 375 1140 ad
401 1066 588 1153 meridiem
622 1064 844 1166 navigasset,
882 1065 1108 1141 altitudinem
1149 1065 1223 1162 poli
1256 1066 1407 1141 borealis
1433 1088 1589 1167 quatuor

53 1165 160 1262 supra
185 1168 331 1268 triginta
356 1172 531 1267 graduum
556 1166 626 1243 esse
650 1169 868 1244 observavit.
905 1166 996 1242 Inde
1031 1193 1174 1266 proram
1208 1166 1348 1244 retorsit
1384 1168 1433 1244 ad
1454 1168 1591 1269 septen·

55 1271 238 1363 trionem,
267 1291 451 1370 totamque
476 1269 635 1347 lusitavit
661 1296 767 1348 oram
792 1269 898 1370 usque
924 1269 971 1344 ad
997 1269 1172 1364 insulam,
1206 1273 1245 1346 in
1269 1295 1377 1369 quam
1401 1272 1507 1370 primi
1532 1297 1592 1349 ve·

56 1392 183 1446 nerant
211 1372 398 1464 Britanni,
423 1399 500 1473 quae
524 1394 565 1447 ut
591 1373 661 1472 ipse
685 1373 827 1473 quidem
853 1370 1009 1447 affirmat
1034 1371 1106 1459 sub,
1122 1374 1234 1471 gradu
1258 1372 1308 1449 est
1334 1397 1407 1472 50.
1431 1373 1485 1450 At
1522 1373 1590 1449 sal·

59 1472 136 1547 sum
162 1499 251 1549 eum
274 1475 399 1551 habuit
426 1477 579 1551 calctdus
615 1473 645 1550 fi
678 1501 803 1575 nempe
838 1473 1002 1551 Britanni
1028 1472 1273 1551 Promontorii
1307 1478 1414 1573 vulgo
1440 1476 1479 1550 de
1502 1480 1531 1548 C
1533 1475 1593 1551 abo

56 1582 199 1669 Boron,
224 1576 336 1652 hodie
361 1581 430 1653 Iria
457 1581 568 1670 Real,
592 1576 772 1678 defignare
797 1578 911 1654 voluit
939 1576 1113 1652 insulam.
1151 1574 1307 1652 Fortasse
1343 1579 1476 1676 appulit
1491 1572 1593 1656 'Ter-

56 1679 259 1772 rae-Novae,
285 1706 357 1778 quo
386 1707 407 1756 a
434 1681 556 1755 multis
577 1681 652 1771 jam
678 1684 779 1756 annis
805 1683 976 1781 piscatum
1002 1679 1254 1756 commeabant
1278 1679 1464 1755 Britanni.

114 1779 236 1856 Mense
264 1782 462 1860 Novembri
486 1781 590 1858 solvit
626 1782 792 1861 Panamd
825 1782 1028 1859 franciscus
1052 1781 1196 1858 Pizarro
1233 1772 1593 1881 adinquirendum,

59 1885 346 1988 tentandumque
368 1883 496 1980 sunul,
520 1912 609 1965 num
632 1889 718 1986 quid
743 1889 783 1963 in
807 1881 1045 1986 expugnando
1068 1883 1221 1962 Peruvio
1243 1882 1378 1985 posset.

768 2013 880 2088 1525.

521 2092 695 2168 Verazani
721 2095 905 2191 navigatio
928 2089 1125 2192 postrema.

351 2192 471 2271 Insula
499 2220 519 2270 a
545 2195 794 2271 S.Matthaeo.
830 2200 930 2294 Long.
963 2217 1020 2292 15.
1046 2199 1127 2269 Lar.
1153 2210 1244 2268 men·
1260 2215 1299 2292 4.

468 2295 710 2382 Macazariaa
725 2302 823 2398 Loag.
854 2319 915 2396 35.
940 2302 1024 2371 Lat.
1050 2323 1132 2370 mer.
1160 2318 1195 2392 5.

445 2397 654 2477 Peruvium.
681 2405 781 2500 Long.
810 2421 895 2497 320.
922 2403 1000 2473 Lar.
1027 2426 1111 2476 mer.
1141 2422 1201 2472 10.

112 2500 277 2578 Tertiam
302 2502 504 2601 aggreditur
529 2503 798 2601 navigationem
824 2503 1058 2594 Verazanius3
1095 2498 1155 2576 sed
1180 2503 1320 2575 incerto
1342 2498 1448 2574 nobis
1468 2501 1598 2574 mortis

55 2625 186 2701 genere
214 2607 449 2701 interceptum
474 2605 524 2681 est
549 2606 624 2696 ejus
646 2606 737 2683 iter:
762 2630 877 2706 neque
900 2624 1016 2680 certus
1051 2628 1096 2680 eo
1121 2604 1235 2700 magis
1268 2599 1320 2678 est
1356 2600 1512 2691 ejusdem
1535 2626 1600 2677 na·.

57 2706 255 2802 rigationis
275 2704 464 2786 successus.
491 2707 597 2785 Errat
634 2734 769 2786 aveto
792 2709 991 2785 neotericus
1016 2710 1073 2799 (a)
1098 2705 1267 2804 scriptor,
1306 2702 1393 2779 dum
1420 2705 1498 2796 ait,
1526 2704 1594 2776 Ve-

58 2808 245 2882 razanium
270 2831 413 2909 captum
442 2810 485 2885 ab
510 2809 680 2910 Hispanis
703 2812 752 2888 ad
774 2810 952 2888 Canariae
961 2834 1058 2887 anno
1087 2830 1221 2908 1524,
1247 2809 1431 2913 adtumque
1459 2808 1497 2882 in
1524 2801 1605 2891 sur·¹

60 2932 138 2981 cam
166 2910 364 3006 piratarum
397 2911 626 3011 supplicium.
664 2914 840 3014 Equidem
866 2913 893 2988 fi
919 2911 967 2988 stc
992 2937 1048 2990 res
1068 2913 1199 3005 habet,
1231 2935 1310 2986 non
1332 2935 1433 2987 anno
1461 2929 1593 3009 1524„

63 3007 113 3084 ed
139 3009 203 3086 sub
226 3013 381 3088 reditum
408 3018 503 3091 tertii
530 3018 667 3093 itineris
689 3043 787 3093 anno
817 3038 930 3118 1525.

104 3111 260 3188 Garcias
284 3116 328 3187 de
353 3113 486 3189 Loaisa
512 3117 690 3210 Hispanus
713 3118 864 3195 insulam
890 3144 911 3194 a
935 3116 1167 3195 &Matheo
1193 3115 1240 3191 ad
1265 3115 1491 3191 occidentem
1521 3111 1598 3186 An·

66 3212 214 3289 nubonae
237 3216 400 3309 reperit;
435 3233 545 3313 utque
567 3213 670 3292 sama
703 3217 781 3309 est,
804 3221 842 3292 in
867 3218 1051 3305 cuiusdam
1084 3218 1219 3292 arboris.
1243 3219 1374 3292 cortice
1402 3213 1555 3291 incisum
1581 3268 1596 3305 ‚

68 3311 193 3412 septem
219 3314 323 3412 supra
350 3315 532 3413 odoginta
560 3341 647 3393 anre
671 3342 787 3392 annos
809 3321 940 3392 eodem
965 3314 1137 3393 advenisse
1163 3315 1379 3392 Lufiranos.
1598 3388 1603 3397 .

105 3419 292 3493 Antonius
317 3414 460 3510 Britus‚
486 3423 526 3497 dt
548 3419 684 3495 Garcia
710 3417 936 3520 Henriqnm,
959 3417 1123 3505 Lusitani
1151 3418 1259 3492 ambo
1272 3474 1286 3508 ,,
1309 3419 1440 3515 quique
1461 3417 1539 3492 suas
1561 3417 1600 3491 in

66 3516 243 3595 Moluecis
267 3516 483 3618 praesedturas
510 3520 745 3615 obtinebant,
770 3528 1007 3621 exploratores
1034 3522 1242 3620 ablegarunt
1264 3524 1444 3595 hocanno
1469 3521 1508 3595 in
1530 3517 1601 3594 Ce-

66 3619 180 3713 lebes,
202 3621 265 3697 seu
291 3620 544 3699 Macazariam
566 3623 738 3700 insulam.
765 3624 799 3701 li
822 3650 909 3701 vcro
931 3649 1016 3701 cum
1042 3626 1217 3724 imperata
1242 3618 1424 3713 secissent,
1449 3621 1495 3696 ad
1513 3619 1604 3696 Mo-

64 3724 178 3798 brccas
202 3749 362 3801 remeare
387 3748 465 3800 non
489 3746 707 3824 potuerunt,
729 3750 985 3827 ventorumque
1009 3728 1044 3802 vi
1072 3727 1140 3804 aeti
1164 3751 1279 3819 novae
1299 3725 1430 3799 insulas
1452 3720 1601 3821 conspe·

62 3847 139 3901 xere
166 3848 334 3921 tantum²
357 3828 397 3901 in
422 3853 486 3902 eas
508 3833 607 3905 enim
632 3832 842 3907 descendere
875 3856 950 3905 non
977 3831 1101 3906 licuit.
1137 3823 1249 3923 Quod
1274 3851 1362 3902 vero
1385 3826 1511 3916 licuit,
1536 3852 1605 3901 no·

65 3953 140 4003 men
167 3931 234 4004 illis
259 3929 348 4005 dant
373 3931 413 4002 de
436 3937 552 4025 Mero,
578 3934 650 4005 hoc
675 3932 725 4007 est
752 3934 977 4008 neumenia.

111 4031 249 4108 Eodem
276 4055 437 4130 tempore
456 4036 674 4131 AlmagtuS,
698 4033 914 4111 Perueinum
938 4032 1102 4110 Panama
1125 4033 1214 4130 petit
1237 4025 1376 4122 spturtts
1395 4027 1544 4104 Pizarro
1564 4028 1607 4101 in

63 4137 328 4231 expugnatione
352 4159 492 4211 comes.
768 4233 771 4237 ¹
866 4210 870 4220 ,

788 4246 899 4339 mm

444 4338 680 4441 Paraquaria.
707 4344 811 4443 long·
837 4365 923 4440 3¹0·
951 4344 1031 4417 [aa
1058 4368 1142 4418 mer.
1173 4338 1232 4417 18.

442 4443 707 4522 Mindanaum.
732 4451 834 4546 Long..
861 4467 949 4544 140.
972 4451 1053 4521 Lar.
1079 4443 1145 4520 bor.
1171 4464 1213 4541 7.

116 4540 273 4621 Flumen.
305 4571 327 4622 a
349 4545 467 4640 Solis,
503 4551 598 4647 quod
635 4551 684 4624 ab
705 4551 872 4648 Argento
896 4573 1029 4640 vocar,
1062 4549 1155 4625 subit
1179 4541 1405 4623 Sebastianus
1439 4539 1609 4618 Gaborue

74 4642 242 4740 Venetus,
270 4650 326 4725 cui
354 4649 536 4748 Hispaniae
561 4678 674 4751 quam¹
699 4651 840 4750 Angliae
861 4651 988 4728 servire
1013 4651 1170 4727 dulcius.
1198 4649 1354 4725 Aduerso
1372 4645 1512 4723 Parana
1540 4640 1612 4719 Pa..

75 4752 272 4853 laquatium
295 4754 493 4852 ingreditur
505 4810 519 4848 2
554 4758 653 4858 quod
677 4777 785 4834 vocat
808 4758 1059 4856 Argenteum,
1075 4856 1078 4861 Ι
1092 4749 1210 4831 massa
1230 4753 1332 4844 hujus
1368 4747 1510 4842 metalli
1533 4741 1606 4819 visi

1173 4938 1175 4943 ,
1453 4871 1557 4948 penes

76 4973 285 5004 ιιι-...-
658 4966 1235 5005 m
1246 4965 1612 4998 ...m-a·-

104 5081 159 5169 (ᾇ)
174 5086 218 5146 Da
233 5087 340 5156 aner„
353 5089 457 5153 aarcta
475 5088 584 5164 linsapo
601 5084 701 5177 θὴρ.
717 5106 794 5157 para
813 5088 848 5154 a.
864 5089 962 5243 ldr'ssg.
982 5087 1017 5146 de
1038 5088 1071 5149 lae
1091 5083 1232 5150 Florida.

994 5189 1017 5240 2
