3864 5686
417 341 929 443 Arosrorrea.
985 365 1096 446 1450.
1152 371 1260 446 1500.
1503 371 1552 448 75

118 480 229 557 Hanc
254 484 485 561 concordiam
519 486 634 582 inquit
659 484 778 574 Abreu
815 491 911 579 (a),
938 487 1077 562 nnllam
1103 485 1193 579 csse,
1228 493 1264 564 ὅ(
1299 477 1603 586 apocrypham&

65 581 157 659 salso
180 584 458 686 supponentem.
484 591 706 687 Apocrypham
731 589 898 688 quidem,
925 586 1008 663 licet
1034 590 1129 663 enim
1156 590 1389 666 concordiam
1424 593 1607 689 quandam

64 686 168 775 buius
195 693 396 788 argumenti
422 690 456 765 se
482 687 601 767 vidisse
629 689 771 766 testetur
808 692 1045 783 Solorzanus,
1080 711 1222 787 oportet
1247 690 1315 768 esse
1356 693 1465 767 aliam
1492 694 1535 769 ab
1561 718 1605 769 ea

63 813 141 886 quae
166 791 274 891 vulgo
299 790 557 884 circunsertur,
592 794 630 867 in
654 794 723 867 hac
759 796 857 868 enim
882 819 957 868 non
982 812 1080 868 extat
1108 794 1248 888 padum
1281 796 1450 870 cantandi
1486 797 1611 872 divina·

63 889 187 966 officia
224 894 322 984 jrrxta
357 896 468 971 ritum
502 893 716 992 Hispalensis
752 895 914 972 Ecclesrae
949 897 1044 995 qnod
1083 896 1133 969 illi
1162 896 1325 972 attribuit
1358 897 1607 975 Solorzanus.

61 994 225 1087 Nullam,
251 995 389 1072 desedu
412 997 648 1073 solemnitatis
673 1004 710 1075 ὅ(
743 996 886 1091 causa,
921 1002 958 1076 dt
982 999 1217 1096 legitimitatis
1245 1001 1281 1073 in
1313 998 1607 1075 contrahentibus

59 1099 97 1172 dt
121 1096 208 1194 quia
234 1100 424 1198 improprie
448 1100 656 1177 nominatur
681 1101 717 1174 in
744 1121 914 1176 contextu
940 1099 1122 1192 transilio
1143 1095 1182 1179 (5
1207 1101 1393 1174 concordia.
1421 1101 1521 1175 Falso
1526 1099 1604 1198 sup-

55 1217 230 1295 parentem
252 1204 336 1299 quia
360 1200 545 1302 supponit,
572 1200 797 1278 ecclesiarum
822 1200 1145 1278 creaionestattas
1170 1203 1243 1293 jam
1268 1200 1334 1277 effe
1361 1228 1457 1277 anno
1492 1225 1604 1298 1512.

59 1298 226 1386 Eandem
251 1305 486 1379 concordiam
511 1301 658 1379 refutari
685 1307 706 1377 ἐι
732 1303 850 1379 Frasso
876 1330 953 1403 cap.
984 1327 1042 1396 ¹9·
1070 1307 1214 1379 anum.
1247 1329 1277 1379 r.
1306 1303 1450 1380 restatur
1468 1303 1633 1384 Dea-x,

60 1403 173 1477 mirus
200 1403 415 1485 Valenzuela
452 1407 488 1481 in
525 1405 778 1482 Addirionibus
815 1409 861 1483 ad
885 1406 1121 1481 Solorzanum
1160 1407 1252 1494 (i).
1289 1404 1373 1480 Hoc
1401 1427 1526 1481 tamen
1550 1405 1602 1483 est

60 1501 212 1591 salsum,
239 1532 328 1582 nam
354 1507 399 1583 ibi
424 1504 543 1583 Frasso
576 1508 649 1583 late
686 1507 828 1605 refert,
863 1506 1124 1588 transcribit&
1158 1508 1312 1608 explicat
1346 1510 1601 1602 concordiam,

63 1605 108 1683 dc
132 1604 328 1684 refutanda
353 1608 461 1701 verb,
484 1634 600 1708 neque
626 1611 794 1686 verbum.
1591 1623 1592 1626 ’

163 1709 458 1810 Impugnariones
484 1712 682 1788 Abreiianae
707 1713 948 1788 testimonium
984 1712 1168 1788 Solorzani
1194 1713 1402 1788 occulatum
1436 1737 1511 1787 non
1537 1714 1602 1792 eli·
1703 1791 1704 1794 ,

59 1809 173 1886 dunt.
200 1814 286 1889 Non
312 1816 450 1910 prima,
477 1840 564 1889 narn
587 1815 800 1890 Solorzanus
826 1842 900 1889 non
928 1813 1096 1906 testatur,
1123 1816 1263 1912 partum
1292 1814 1379 1888 illud
1410 1835 1532 1889 extare
1559 1817 1600 1888 in

61 1916 254 1990 concordia
280 1916 391 1990 verbis
416 1917 597 2008 totidem,
631 1916 691 1991 sed
726 1915 837 2014 potest
862 1918 1011 2014 intelligi
1047 1917 1142 2016 quod
1179 1936 1276 1990 extet
1301 1916 1420 2013 quoad
1445 1913 1604 1991 snbstan-

63 2015 174 2088 tiam.
200 2016 260 2092 Sic
287 2038 408 2094 aurem
433 2040 553 2109 extat,
579 2038 751 2117 quatenus
777 2021 814 2092 in
839 2017 1046 2095 Concordia
1082 2020 1212 2094 dicitur
1233 2045 1246 2091 .·
1281 2021 1354 2133 Qua
1378 2017 1412 2091 el
1438 2014 1599 2106 Arzobis7

62 2141 108 2214 po
132 2118 179 2193 de
203 2119 335 2196 Sevilla
349 2175 377 2194 ..
392 2174 425 2194 ..
453 2122 564 2220 pueda
589 2145 729 2194 exercer
754 2123 806 2195 las
840 2118 938 2196 cosas
961 2145 1029 2218 que
1055 2146 1161 2195 como
1197 2123 1218 2193 a
1253 2118 1539 2217 Metropolitano
1565 2114 1601 2194 le

59 2241 274 2317 pertmecen.
312 2221 368 2297 Ex
393 2246 438 2296 eo
465 2221 548 2297 verb
574 2225 668 2321 quod
693 2219 905 2318 Hispalensis
931 2222 1088 2297 Ecclesia
1115 2220 1207 2296 faiia
1233 2218 1275 2294 fit
1302 2222 1498 2295 indicanrm
1525 2244 1600 2298 me·

66 2323 304 2421 tropolitana,
332 2325 505 2400 imitanda
532 2346 609 2398 erat
637 2328 674 2415 in
699 2349 836 2413 cantu,
874 2327 910 2398 in
936 2323 1099 2399 Ecclesris
1123 2324 1221 2397 enim
1246 2322 1362 2397 denub
1399 2320 1556 2399 fundaris
1583 2376 1595 2416 ,

62 2427 218 2526 quandiu
245 2426 341 2500 aliud
366 2451 440 2501 non
466 2422 723 2524 praescribitur,
756 2423 892 2501 constat
919 2424 1105 2500 servandos
1130 2422 1197 2499 esse
1223 2426 1310 2498 ritus
1343 2422 1599 2522 Metropolita-

62 2552 136 2620 nae,
162 2533 199 2604 ὅ(
223 2528 293 2602 hoc
318 2524 385 2603 effe
410 2529 456 2603 de
489 2527 619 2617 juribus
653 2528 936 2624 metropolitanis
960 2553 1095 2624 unum,
1123 2550 1162 2603 nt
1199 2527 1322 2603 multis
1356 2546 1506 2602 exornat
1532 2525 1599 2603 ibi..

64 2631 151 2704 dern
176 2629 424 2719 Solotzanus(
465 2635 500 2719 ).
1634 2686 1635 2691 η
1701 2719 1705 2732 Ι

167 2731 288 2829 Neque
313 2732 458 2824 obstat,
483 2732 580 2833 quod
603 2731 810 2830 disparuerit
835 2730 855 2805 ὲ
879 2732 1059 2808 tabulariis
1080 2730 1312 2823 Concordia,
1340 2751 1418 2807 tum
1455 2749 1603 2829 propter.
1639 2727 1642 2811 ἶ
1680 2736 1702 2831 ,i

63 2833 148 2907 dida
175 2832 277 2933 supra
304 2835 347 2908 de
373 2834 476 2909 Bulla
504 2835 699 2910 Alexandri
735 2837 827 2911 circa
854 2836 1041 2926 decimas,
1079 2856 1156 2911 rum
1182 2857 1326 2933 propter
1350 2859 1394 2908 ea
1428 2836 1504 2934 qnae
1530 2832 1636 2913 ha·=

66 2935 184 3009 lentur
211 2934 250 3008 in
273 2934 437 3011 Processu
463 2959 671 3012 memorata
696 2939 790 3027 liris,
826 2936 885 3011 seu
912 2938 948 3010 in
985 2941 1201 3028 Memoriali,
1227 2959 1266 3011 ut
1308 2938 1426 3027 aiunt,
1454 2933 1602 3014 attribue

65 3053 193 3133 aptato,
220 3038 259 3110 in
285 3061 356 3130 quo
382 3037 465 3134 saep'e
490 3037 531 3109 fit
557 3041 694 3112 mentio
719 3063 927 3114 memorata:
953 3039 1062 3121 modo
1087 3039 1322 3130 Concordiae,
1349 3059 1389 3113 ut
1415 3038 1498 3112 ibid.
1525 3034 1593 3112 sol.

70 3139 143 3212 mihi
168 3160 238 3233 97.
266 3137 442 3209 dicitura
478 3137 669 3212 Causidico
714 3138 900 3213 Francisco
925 3140 1126 3213 Fernandez
1153 3140 1363 3235 Madrigal:
1398 3147 1535 3235 Aeraque
1560 3137 1597 3212 se

69 3237 285 3316 babuscado
311 3262 355 3310 en
380 3239 434 3311 los
459 3239 567 3312 libros
591 3240 636 3312 de
661 3241 697 3312 la
733 3239 837 3313 dicha
874 3237 1066 3314 secretaria
1095 3241 1176 3328 (del
1203 3239 1386 3327 Perusia
1421 3241 1595 3336 capitula-

67 3343 138 3416 cion
174 3368 198 3435 y
237 3340 389 3413 affienro
424 3341 603 3437 ortogado
637 3365 703 3436 por
737 3343 791 3413 los
816 3341 966 3414 Ser'rores
1000 3343 1107 3418 Reies
1133 3343 1183 3416 D.
1209 3341 1396 3416 fernando
1430 3340 1596 3435 yDofia

66 3439 172 3537 Juana
197 3469 220 3537 y
248 3444 302 3518 los
330 3464 397 3516 tres
424 3446 595 3541 primeros
620 3440 775 3539 obispos.
790 3496 799 3513 .
815 3495 847 3514 ,.
874 3467 923 3515 no
947 3440 982 3514 se
1007 3443 1106 3517 halla
1142 3469 1209 3542 que
1234 3442 1307 3518 estc
1343 3441 1528 3535 assentadp
1548 3467 1595 3520 en

61 3546 110 3618 los
131 3545 257 3620 diebos
283 3545 410 3633 libros,
438 3571 460 3638 y
487 3547 521 3618 el
547 3544 624 3619 Lic.
652 3545 816 3618 Antonio
842 3542 945 3618 Leon
972 3542 1095 3620 Pinelo
1121 3549 1197 3622 dice
1223 3570 1290 3645 que
1316 3569 1365 3619 no
1390 3549 1429 3621 lo
1453 3535 1525 3620 estis
1547 3570 1593 3621 cn

63 3649 216 3746 ningnno
237 3646 284 3720 de
311 3649 362 3721 las
386 3649 449 3719 dos
476 3642 677 3721 secretarias
702 3648 761 3720 del
786 3645 961 3738 Consejo,
989 3674 1011 3740 y
1037 3672 1104 3746 que
1129 3652 1162 3722 el
1188 3650 1342 3744 original
1366 3646 1451 3746 pira
1478 3673 1522 3722 en
1554 3645 1594 3724 su

60 3751 195 3846 podet.
233 3749 294 3825 De
328 3749 455 3826 cadem
489 3747 695 3824 Concordia
730 3769 827 3824 extat
853 3750 993 3823 mentio
1029 3757 1065 3828 δι
1100 3751 1350 3851 compendium
1378 3751 1471 3850 apud
1503 3750 1594 3842 Her·

61 3875 134 3928 tera
160 3852 256 3938 (d).
1665 3861 1670 3867 ’

152 3951 321 4031 Secunda
346 3953 568 4050 impugnatio
593 3976 636 4026 ex
662 3952 776 4050 capite
804 3953 994 4026 validitatis
1020 3949 1210 4048 desumpta·
1229 3951 1380 4023 validior
1405 3974 1479 4023 non
1504 3951 1553 4024 est
1579 4003 1601 4046 ,‹

58 4081 140 4131 nam
166 4055 419 4130 contrahentes
444 4075 547 4129 erant
582 4077 626 4127 ex
651 4079 723 4128 una
759 4075 858 4151 parre
883 4055 1029 4149 Reges,
1058 4055 1216 4148 pater&
1242 4049 1338 4140 filia,
1366 4075 1470 4149 penes
1497 4077 1592 4148 qnos
1642 4059 1682 4100 ²³

52 4181 134 4232 crat
159 4157 210 4239 ius
232 4158 482 4233 omnimodum
508 4157 629 4253 regni,
653 4157 707 4245 jus
733 4153 1048 4230 administrationis
1074 4178 1176 4253 penes
1202 4173 1362 4251 patrem,
1398 4156 1591 4251 proprieta-

58 4261 102 4333 tis
127 4281 231 4354 penes
253 4254 390 4335 filiam.
418 4259 473 4335 Ex
499 4260 610 4334 alrera
636 4279 738 4333 erant
763 4255 916 4355 episcopi
942 4277 1117 4355 quotquot
1144 4254 1351 4331 numerabar
1389 4282 1431 4331 ea
1461 4276 1591 4355 ternpe·

58 4360 147 4434 liare
174 4359 293 4436 Novus
313 4360 444 4437 Orbis.
472 4363 596 4461 Neque
622 4365 775 4458 requiras
799 4359 1009 4457 Capitulum
1035 4357 1292 4447 Ecclcfiarnm,
1319 4383 1394 4455 quae
1417 4382 1500 4434 tunc
1522 4362 1607 4456 pri·-

58 4461 118 4535 mb
144 4459 446 4539 instituebantur.
482 4463 755 4561 Causapotuit
780 4460 846 4537 eise
872 4484 911 4536 ur
938 4460 1101 4536 Ecclesris
1127 4468 1162 4536 be
1188 4459 1436 4536 Ecclesiasticis
1474 4486 1591 4559 prom·

61 4563 150 4658 ptius
173 4570 209 4642 ὅ(
234 4563 387 4642 securius
412 4566 689 4666 suppeditaretur
714 4561 994 4659 dosorcongrua
1022 4562 1253 4638 sustentatio.
1282 4563 1405 4661 Neque
1433 4565 1590 4636 alienum

59 4663 344 4765 attemerare,
379 4690 443 4744 aut
469 4670 595 4747 ctiam.
613 4666 850 4766 transadiionir
883 4689 1017 4741 nomen
1049 4668 1073 4740 al
1109 4667 1344 4741 conventione
1368 4662 1461 4740 sacia
1498 4667 1592 4742 inter

1465 4791 1542 4860 Pas·
1595 4852 1600 4858 .

59 4895 356 4921 -..........-...
356 4904 422 4922 ,.,,
443 4904 570 4930 ψ...
609 4875 1596 4921 ...ww-.-

99 5013 589 5089 (aldibremneiastsaaart.
613 5040 806 5087 2.an·533··
886 5019 941 5089 (c)
964 5017 1422 5086 Solora.lib.q.Poi‚eap.5.fine.
1498 5056 1504 5063 .

96 5090 151 5166 lb)
161 5098 803 5277 Valens-Addit.adstruendal'djcmnn1.
887 5095 943 5171 ¹(cl)
963 5101 1044 5155 Hert.
1065 5100 1102 5154 1).
1127 5117 1152 5148 r»
1172 5097 1221 5149 lii.
1246 5099 1271 5145 8.
1291 5111 1352 5160 caep.
1376 5110 1421 5147 ιο.
1546 5101 1550 5107 ’

1162 5171 1269 5246 Ka

994 5360 1032 5494 f
1130 5377 1146 5508 ,ι
