3864 5686
418 315 494 382 600
856 298 1449 401 otiorum-tourt-

362 469 464 520 amos
490 446 523 520 el
550 442 664 518 diario
692 442 805 530 jornal
833 445 853 514 a
879 441 933 516 sus
970 440 1156 537 esclavos,
1201 443 1345 542 quando
1371 447 1421 523 les
1445 445 1562 542 hagan
1589 443 1744 534 trabaiar
1781 467 1832 521 en
1855 443 1906 521 los

361 547 613 622 mencionados
651 544 728 620 dias
747 543 917 638 passivos.
955 543 1131 643 Loquitur
1167 544 1213 621 de
1240 544 1333 637 sellis
1357 545 1417 635 seu
1451 542 1630 624 semisestis
1656 571 1716 644 per
1750 544 1905 625 Benedi-

240 718 244 723 .
360 648 456 723 dium
481 646 581 724 XIV.
618 647 687 722 ha'c
725 634 979 724 constitutione
1007 652 1115 745 paulo
1139 670 1225 725 ante
1251 649 1298 722 ibi
1324 649 1511 748 divulgata
1526 644 1754 731 reformaris.
1784 649 1835 725 Et
1859 651 1899 724 li·

359 749 418 824 cbr
445 775 489 824 eo
515 747 676 843 synodali
702 749 835 828 statuto
859 776 935 826 non
960 753 1161 827 declaretur
1185 751 1452 848 mancipiorum
1470 751 1685 828 immunitas
1712 751 1758 827 ab
1796 750 1897 826 hero.

362 877 442 926 rum
469 855 677 946 coaltione„
704 851 912 952 supponitur
949 874 1071 928 tamen
1096 882 1106 944 ;
1142 868 1225 929 nant
1253 854 1311 945 cui
1345 880 1481 931 merces
1504 853 1554 932 est
1579 851 1778 946 solvenda,
1815 854 1898 930 liber

223 978 234 991 2
359 954 411 1031 est
437 956 482 1030 ad
508 956 688 1048 laborem,
715 982 797 1029 curn
824 954 947 1030 sclavis
972 982 1039 1053 qua
1069 952 1195 1029 talibus
1221 956 1327 1053 nulla
1346 957 1516 1034 debeatur
1540 979 1698 1032 merces.

417 1080 419 1084 ⁴
466 1060 615 1134 Accedit
641 1056 840 1132 authoritas
878 1058 970 1131 illius
1009 1056 1201 1131 Provinciae
1238 1057 1510 1155 Metropolitani
1547 1060 1613 1157 qui.
1643 1080 1708 1155 pro
1743 1074 1898 1156 tempore

359 1179 462 1253 erat,
488 1158 547 1257 qui
574 1168 625 1237 ex'
642 1156 914 1258 Theologorum
940 1158 1088 1234 confilio
1113 1156 1278 1255 resolvit²
1303 1163 1424 1258 utique
1449 1156 1792 1258 protractionem,
1824 1185 1895 1257 pro

360 1261 532 1337 bibendos
558 1262 661 1337 heros
699 1265 719 1335 a
756 1263 940 1337 coahione
975 1261 1173 1338 sclavorum
1209 1266 1245 1339 dt
1271 1287 1570 1357 yanaconarum‚
1605 1262 1724 1341 donec
1762 1261 1894 1340 tsete

359 1363 562 1460 Apostolica
589 1366 771 1462 expellata
797 1361 974 1462 responsio
1001 1365 1166 1457 daretur,
1192 1385 1231 1437 ut
1259 1365 1303 1441 ab
1328 1391 1402 1441 uno
1437 1389 1481 1439 ex
1507 1362 1708 1461 Theologis
1746 1364 1787 1438 in
1817 1389 1894 1440 con

365 1464 593 1542 sultationem
621 1466 785 1543 adhibitis
819 1466 971 1564 accepi.
1007 1465 1121 1542 Fama
1146 1467 1258 1542 etiam
1292 1463 1375 1560 est,
1413 1465 1559 1544 Theolo
1583 1491 1623 1540 oc
1647 1464 1767 1541 Limae
1799 1469 1892 1543 &itt

358 1568 492 1660 Chile,
518 1569 695 1671 utriusque
721 1567 952 1666 Magistratus
988 1594 1095 1665 opera
1131 1565 1346 1661 consultos,
1385 1570 1478 1644 idem
1516 1488 1751 1667 respondiffe.
1780 1567 1827 1644 Et
1850 1566 1884 1645 P.

362 1669 539 1768 Eugeniuc
565 1672 683 1771 Lopez
708 1671 823 1745 Studii
849 1668 957 1744 nostri
983 1666 1217 1745 Cordubensis
1250 1664 1494 1747 Cancellarius
1532 1669 1570 1742 in
1595 1668 1784 1747 additione
1820 1695 1890 1768 qua·

358 1774 445 1848 dam
473 1773 517 1849 ad
544 1773 598 1848 M.
626 1776 663 1850 S.
690 1775 953 1870 Explicationem
978 1776 1102 1871 legum
1113 1771 1326 1866 Indicarum,
1353 1798 1463 1870 quarn
1489 1773 1595 1868 ptaelo
1622 1772 1890 1869 parabat,idem

364 1897 460 1952 tenet
487 1882 582 1965 (a).
609 1877 733 1975 Neque
761 1876 797 1949 in
823 1874 942 1950 recens
967 1896 1054 1950 nata
1081 1872 1318 1951 controversia
1347 1874 1463 1962 maior
1487 1872 1690 1951 authoritas
1725 1873 1890 1953 defiden-

362 1979 393 2052 ri
444 1976 558 2052 otest.

421 2004 739 2156 pResolutionem
765 2081 929 2157 laudatus
966 2079 1084 2176 Lopez
1120 2077 1271 2177 probat,
1312 2079 1395 2175 quia
1422 2052 1602 2154 Benedidii
1637 2076 1735 2154 XIV.
1762 2103 1892 2156 novum

364 2183 566 2275 indultum,
593 2209 637 2257 ex
664 2207 734 2281 quo
760 2184 980 2280 privilegium
1007 2181 1077 2272 est,
1103 2183 1136 2255 vi
1161 2202 1258 2255 caret
1285 2178 1466 2277 obligandi
1491 2203 1707 2277 quemquam
1728 2181 1772 2256 ad
1797 2183 1914 2258 labo.

362 2308 458 2361 rem.
485 2283 573 2358 Haec
600 2307 718 2361 tamen
746 2285 839 2359 ratio
868 2283 1016 2358 imbellis
1040 2280 1113 2374 est,
1139 2279 1204 2354 nist
1231 2281 1373 2358 aliunde
1398 2277 1598 2373 fulciatur,
1639 2306 1748 2359 nemo
1771 2284 1893 2382 quippe

360 2388 545 2462 contendit
573 2409 634 2464 aur
660 2387 878 2461 contendere
904 2384 1042 2482 potest,
1066 2409 1125 2482 per
1162 2383 1348 2458 laborandi
1386 2381 1647 2481 permiffionem
1682 2406 1894 2483 quemquam

361 2489 512 2587 obligari
538 2479 666 2565 dilecte
690 2488 737 2565 ad
763 2488 1021 2577 laborandum3
1046 2483 1105 2562 sed
1129 2487 1228 2583 quod
1254 2511 1295 2560 ea
1322 2483 1545 2585 permissione
1572 2487 1715 2575 tollitur
1752 2486 1893 2586 impedi·

361 2612 534 2669 mentum
561 2590 743 2689 potestatis
767 2591 913 2682 herilis,
940 2608 979 2665 ut
1006 2607 1128 2666 utatur
1152 2589 1228 2681 jure
1252 2583 1317 2663 suo
1342 2589 1380 2663 in
1403 2588 1577 2686 exigendo
1601 2587 1806 2666 sclavorum
1829 2589 1891 2668 set·

350 2694 474 2785 titio,
501 2694 587 2769 alias
613 2695 751 2770 debito.

464 2794 614 2868 firmius
640 2793 733 2869 sorte
759 2790 962 2891 probatur:
998 2793 1113 2873 Sclavi
1143 2789 1224 2870 ¹uon
1260 2813 1423 2892 poterant
1459 2792 1506 2870 ad
1543 2790 1685 2872 servilia
1712 2796 1792 2895 cogi
1809 2806 1889 2871 aule

360 2895 539 2974 Benedicti
567 2894 856 2972 constitutionem
879 2899 920 2980 in
945 2895 1061 2992 sellis,
1087 2924 1164 2996 quae
1190 2897 1301 2973 modb
1326 2894 1412 2974 setta
1441 2897 1560 2973 media
1580 2896 1685 2975 sunt.
1713 2898 1811 2997 Ergo
1830 2921 1886 2972 nec

360 2997 437 3099 post
462 3000 598 3075 editam
624 2995 915 3075 constitutionem
941 3003 1019 3099 cogi
1047 2996 1205 3099 possunt.
1234 2999 1457 3076 Antecedens
1483 3024 1594 3074 nemo
1621 3023 1733 3097 negat
1771 3028 1814 3077 ex
1843 3000 1887 3073 di·

357 3103 421 3177 etis
447 3097 537 3175 Ord.
569 3101 626 3195 58.
656 3093 789 3176 Adnot.
819 3127 878 3193 9.;
906 3100 1114 3200 supponitur
1139 3104 1236 3178 enim
1261 3097 1456 3197 AEthiopes
1482 3102 1520 3176 in
1547 3104 1719 3179 Anaetica
1747 3103 1884 3201 gaudere

358 3205 549 3301 privilegiis
575 3201 770 3277 indorum.
796 3198 970 3279 Probatur
996 3201 1264 3303 consequentia
1293 3203 1329 3276 in
1355 3201 1609 3279 constitutione
1634 3207 1769 3304 quippe
1788 3203 1884 3280 Bene

357 3306 441 3381 disti
469 3307 568 3380 nulla
594 3304 637 3381 fir
666 3304 834 3402 privilegii
862 3304 1110 3401 praecedentis,
1136 3328 1200 3382 aut
1223 3305 1307 3393 iuris
1335 3330 1395 3403 per
1416 3306 1638 3404 privilegium
1664 3306 1883 3407 acquifitide

358 3408 521 3506 rogatio,
547 3427 588 3481 ut
613 3408 750 3482 constat
776 3431 818 3481 ex
845 3408 917 3496 ejus
943 3429 1089 3483 tenore.
1119 3409 1168 3483 ht
1191 3408 1429 3504 derogatione
1442 3432 1530 3505 opus
1554 3428 1660 3500 erat,
1685 3436 1777 3487 nam
1802 3431 1881 3505 regu·

359 3512 395 3585 la
422 3509 622 3584 communis
650 3508 699 3584 est
728 3532 792 3605 pro
819 3509 1113 3605 interpretatione
1141 3511 1423 3607 privilegiorum,
1446 3508 1641 3606 posteriora
1666 3509 1740 3588 else
1766 3510 1881 3590 relicin-

359 3613 501 3710 genda,
527 3611 577 3683 it'a
603 3629 642 3683 ut
669 3608 841 3707 prioribus
866 3612 1006 3686 nullum
1034 3633 1177 3709 paretur
1203 3610 1480 3710 praeiudicium,
1518 3611 1583 3695 nist
1608 3612 1772 3712 expresse
1798 3615 1881 3690 dero

385 3730 510 3788 entur.

359 3736 385 3814 g
460 3809 667 3911 Respondet
692 3811 839 3912 quidam
862 3814 1061 3893 Recentior
1086 3818 1122 3891 in
1147 3813 1204 3891 M.
1230 3812 1290 3909 S.,
1318 3812 1450 3893 sclavos
1477 3838 1561 3894 ante
1596 3817 1880 3911 constitutionem

358 3940 434 3995 non
460 3914 608 4015 potuisse
633 3919 714 4013 cogi
741 3919 787 3993 ad
811 3918 997 4009 laborem,
1025 3916 1176 3996 inferia
1202 3946 1234 3993 v.
1262 3943 1295 4017 g.
1326 3921 1431 3995 tertia
1458 3915 1533 4018 post
1558 3918 1716 4018 pasthn,
1754 3949 1825 3999 nou
1844 3938 1882 3994 ex

354 4021 538 4121 privilegio
562 4023 659 4118 quod
685 4019 881 4110 haberent,
906 4045 952 4095 ne
980 4019 1114 4116 possent
1140 4022 1243 4119 cogi;
1271 4017 1328 4095 sed
1349 4024 1527 4120 generalis
1563 4023 1766 4118 prohibitio
1803 4023 1883 4101 labo

356 4124 458 4199 randi
484 4126 521 4197 in
547 4120 639 4198 sestis
664 4122 830 4198 haetenus
855 4119 923 4197 fuit
949 4122 1077 4214 causa,
1104 4143 1145 4198 ut
1173 4131 1193 4196 a
1220 4122 1284 4198 tali
1322 4125 1504 4201 coactione
1528 4123 1628 4200 liberi
1654 4124 1790 4204 esseut.
1828 4125 1882 4202 fix·

358 4229 487 4322 plicat:
514 4220 743 4321 Privilegium
770 4224 957 4322 neb'pltytis
980 4224 1183 4302 concessum
1208 4249 1283 4300 non
1309 4223 1466 4302 consistit
1492 4229 1529 4303 itt
1566 4231 1741 4327 eoquod
1780 4229 1882 4305 diebus

355 4326 449 4404 sellis
474 4325 624 4422 obligari
648 4352 721 4401 non
748 4324 876 4423 possint
902 4329 948 4402 ad
972 4325 1132 4420 servilia,
1159 4325 1217 4402 sed
1244 4323 1400 4405 confistir
1423 4329 1462 4403 in
1498 4333 1731 4426 exemptione
1772 4332 1815 4409 ab
1837 4330 1882 4404 ob

355 4430 530 4527 ligatione
555 4425 728 4508 feriandi.
755 4426 859 4506 Unde
884 4427 1027 4520 sclavi,
1068 4430 1214 4528 inquit,
1251 4433 1392 4506 nullum
1415 4430 1467 4520 ius
1493 4432 1626 4509 habent
1666 4432 1881 4511 absolutae

352 4532 635 4630 compellantur,
674 4529 733 4608 sed
757 4557 802 4607 ex
838 4527 1077 4628 suppositione
1102 4533 1199 4630 quod
1235 4532 1385 4608 domini
1408 4532 1555 4634 obligati
1584 4533 1653 4608 srnt
1693 4539 1742 4613 ad
1769 4534 1880 4612 feriar·

353 4637 473 4712 dum.
511 4633 635 4733 Neque
672 4637 783 4710 ullum
819 4653 919 4709 extat
944 4635 1201 4729 privilegium,
1239 4656 1279 4708 ur
1304 4634 1388 4711 servi
1416 4635 1543 4734 possint
1567 4637 1693 4713 diebus
1733 4637 1881 4730 festisiu

294 4782 298 4791 ·
355 4737 591 4814 commodum
618 4741 798 4837 proprium
824 4735 1006 4827 laborarc3
1033 4733 1093 4811 sed
1120 4734 1268 4813 infertur
1292 4740 1425 4836 partim
1462 4764 1505 4817 ex
1541 4744 1736 4819 communi
1762 4743 1877 4840 obliga·

1166 4912 1169 4934 l

354 4964 1883 5031 ...μι--ι-ι--ι--ιιμ--ῃ--ιν-ι-Ψ--ὑό

256 5170 258 5175 Ι
285 5174 286 5178 ¹
391 5073 449 5149 (a)
468 5079 542 5152 Eur.
559 5081 627 5151 Lep·
644 5077 677 5142 in
692 5077 749 5144 tib.
771 5101 798 5138 r·
818 5078 868 5163 tit·
892 5101 918 5141 ι.
938 5081 1037 5151 lteram
1056 5078 1123 5144 dtas·
1143 5080 1168 5145 l·
1191 5101 1217 5138 ι·
1237 5079 1307 5146 aut.
1329 5103 1357 5153 t·
