3864 5686
444 282 958 409 Atosrotstcr'r.¹
1010 349 1120 429 1500.
1175 335 1284 430 ¹563·
1504 351 1575 431 205

87 492 186 548 nem
208 461 264 546 Pii
289 465 353 545 1v.
376 473 620 563 contrariam,
645 472 775 548 decidit
800 496 876 547 non
901 469 968 546 effe
994 469 1221 548 necessariam
1244 470 1466 548 mentionem
1502 472 1630 570 gradus

77 572 358 674 propinquioris
383 573 421 648 in
443 573 593 671 petenda
619 572 897 672 dispensatione,
923 575 1107 649 Dummodo
1114 578 1262 672 primum
1271 575 1479 672 quoquomodo
1504 591 1631 648 nonat-

78 676 237 775 tinget,
262 701 337 751 curn
360 676 396 748 in
419 701 455 749 eo
477 678 650 753 Sandiitar
674 682 744 750 Sua
770 701 933 765 nunquam
957 672 1138 773 dispensare
1163 677 1336 768 intendat,
1363 674 1430 752 nifi
1455 677 1631 775 exprimu-

75 794 178 853 tur,
204 774 275 854 Sed
296 778 456 874 quamvis
480 780 572 854 alter
597 776 887 853 contrahentium
913 778 1070 874 attingat
1096 779 1133 852 in
1159 780 1275 875 primo
1299 781 1410 876 gradu
1436 777 1629 876 stipitem,

58 874 114 957 fi
145 879 239 955 alter
264 873 307 953 stt
333 880 369 955 in
394 882 521 975 quinto
541 884 596 955 vel
622 883 716 954 ultra
742 880 876 978 gradu,
902 880 1100 955 contradus
1127 882 1212 956 licet
1237 881 1348 956 etiam
1384 878 1457 955 stne
1493 877 1630 976 dispen-

53 978 255 1070 fitione,
273 1001 320 1052 ut
347 980 430 1054 alibi
454 982 560 1057 docet
586 1006 630 1056 ex
654 979 939 1061 communium:
965 977 1163 1073 sententie,
1189 1008 1221 1054 t.
1248 1005 1282 1080 g.
1310 980 1413 1079 fiquis
1440 1003 1536 1056 amet
1561 982 1627 1059 du·

64 1078 317 1260 Eeffitfiiiam
341 1078 392 1198 sui
417 1085 534 1180 quarti
559 1083 617 1158 avi
643 1081 739 1157 hunc
758 1085 1015 1182 ¹attingentem
1049 1082 1087 1158 in
1122 1083 1239 1181 primo
1275 1084 1421 1182 gradu,
1447 1108 1532 1158 cum
1566 1084 1628 1158 ille

231 1205 269 1255 tn
293 1202 454 1280 qutnto.

200 1283 298 1359 Hinc
323 1280 452 1376 infert,
488 1284 597 1360 indos
621 1286 716 1363 Novi
752 1284 860 1361 Orbis
884 1283 978 1384 poffe
1002 1309 1046 1360 err
1070 1282 1253 1385 privilegio
1276 1284 1378 1364 Pauli
1412 1287 1550 1377 Tertii,
1587 1285 1633 1362 de

64 1411 170 1487 quo
193 1384 295 1484 supra
320 1383 410 1461 Ord.
437 1386 498 1484 58.
517 1388 735 1464 contrahere
759 1385 832 1463 stne
859 1390 928 1463 alia
954 1386 1244 1484 tdispensatione,
1271 1413 1354 1463 cum
1381 1391 1469 1463 alter
1505 1385 1555 1462 est
1591 1389 1630 1463 in

72 1489 209 1566 tertio
232 1488 287 1563 vet
312 1485 428 1571 ultra,
449 1489 540 1564 alter
567 1489 603 1563 in
629 1489 740 1586 gradu
764 1490 881 1586 primo
904 1487 1033 1564 distans
1059 1491 1080 1561 fa
1107 1507 1254 1580 trunco,
1279 1491 1363 1587 quia
1389 1488 1472 1564 ticet
1490 1486 1629 1585 dispen-

53 1588 187 1670 {atio
213 1586 256 1663 fit
282 1586 388 1665 mitti
414 1589 523 1681 juris,
559 1591 680 1665 debet.
697 1592 849 1689 recipere
883 1590 1214 1688 interpretationem
1250 1592 1273 1665 ὲ
1307 1593 1381 1682 jure
1416 1591 1599 1666 communi
1611 1642 1624 1682 ,

57 1691 242 1793 quando
268 1690 424 1767 versetur
448 1692 542 1767 circe
567 1692 649 1779 iuris
672 1695 872 1767 eommunis
895 1693 1111 1785 materiam
1136 1697 1173 1768 dt
1199 1710 1341 1768 attento
1366 1693 1439 1780 iure
1465 1716 1629 1768 commu·
1660 1766 1666 1773 .

63 1795 130 1871 ni
158 1790 325 1871 distantia
362 1793 537 1889 graduum
572 1814 799 1890 computatur
832 1792 1025 1869 secundum
1062 1795 1311 1870 remotiorem.
1349 1793 1474 1891 Neque
1510 1788 1627 1869 obtin

61 1895 389 1993 mnus-proprius
415 1893 470 1968 Pii
498 1894 541 1967 V.
567 1919 676 1991 nuper
703 1899 853 1985 relatus3
880 1896 1036 1994 loquitur
1060 1897 1158 1969 enim
1194 1895 1338 1995 qnando
1363 1916 1424 1971 ute
1464 1918 1509 1970 ue
1543 1912 1631 1969 con-

68 1997 317 2075 trahentium
341 1993 391 2069 est
414 1996 454 2069 in
464 1997 575 2093 gradu
600 1995 800 2094 prohibito.
825 1996 897 2072 Sed
905 1995 1100 2093 prohibitus
1123 2021 1198 2071 non
1223 1994 1272 2072 est
1296 1993 1448 2095 respectu
1523 2002 1630 2073 onon

66 2099 225 2201 gedue
251 2097 395 2188 tertius,
421 2094 510 2172 ficut
534 2120 600 2171 nec
625 2098 768 2196 quintus
792 2096 945 2196 respestu
969 2099 1141 2173 aliorum.
1201 2150 1211 2165 r
1591 2096 1628 2167 .’

198 2197 330 2275 Dices:
357 2199 443 2296 quid
467 2222 553 2297 ergo
579 2201 616 2273 in
641 2198 806 2298 praesente
832 2201 1016 2298 privilegio
1041 2204 1077 2276 dt
1101 2196 1267 2275 firniiibtu
1292 2198 1338 2275 nd
1362 2197 1513 2296 gradum
1523 2222 1627 2297 quer·¹

68 2298 395 2399 tumfimplicem
429 2299 570 2375 additur
596 2300 722 2375 tertius
756 2300 838 2375 cum
862 2322 993 2397 quarto
1015 2301 1182 2394 mixtim,
1216 2299 1383 2378 fisoium
1407 2302 1535 2398 gradus
1571 2324 1626 2376 re-

70 2405 231 2479 motior
254 2421 502 2499 computatur.
527 2401 597 2478 Sed
626 2422 785 2498 tempora
813 2403 1007 2502 distingue,
1032 2426 1118 2477 narn
1143 2401 1225 2477 Ptus
1251 2400 1315 2476 lv.
1354 2400 1530 2500 presentis
1566 2425 1624 2476 or·-

70 2505 289 2582 dinationis
312 2502 457 2579 ‚author
490 2502 674 2578 decretum
707 2503 819 2580 edidit
854 2506 899 2579 de
931 2503 1160 2600 exprimendo
1192 2505 1439 2603 propinquiore
1474 2503 1626 2601 gradu,

66 2607 187 2704 quod
213 2605 296 2680 Pius
323 2605 368 2678 V.
394 2606 594 2681 revocavit.
632 2603 682 2679 Et
719 2605 994 2702 independenter
1028 2608 1050 2679 ὲ
1075 2607 1219 2680 decreto
1241 2608 1367 2704 opinio
1390 2601 1461 2678 fuit
1495 2606 1625 2698 olim,

80 2707 374 2808 computandam
400 2703 467 2781 eise
491 2707 666 2805 graduum
691 2730 735 2781 ex
761 2731 909 2805 utraque
935 2726 1032 2805 parte
1059 2706 1265 2783 distantiam
1292 2760 1301 2780 .
1339 2705 1394 2781 Ex
1418 2727 1460 2779 ea
1485 2708 1626 2804 opinio·

84 2831 142 2883 ne
164 2829 304 2909 poterat
328 2809 414 2885 oriri
440 2809 608 2901 dubium,
636 2808 682 2885 ad
716 2813 812 2908 quod
847 2811 1043 2885 tollendum
1068 2808 1155 2885 utile
1178 2807 1230 2884 est
1247 2863 1268 2906 ‚.
1285 2827 1328 2886 ut
1361 2808 1400 2883 in
1434 2808 1627 2910 privilegiis

93 2911 206 2988 etium
233 2909 477 3009 posterioribus
501 2907 565 2984 fiat
590 2907 711 2985 fimilis
736 2912 892 2986 additio.

197 3013 236 3086 Si
265 3031 387 3084 tamen
411 3035 565 3107 queres,
589 3014 667 3110 quis
689 3011 830 3087 dicutur
854 3009 921 3088 effe
948 3014 984 3087 in
1012 3017 1118 3089 tertio
1144 3037 1230 3089 cum
1254 3032 1382 3110 quarto
1405 3011 1520 3110 gradu
1529 3011 1621 3090 mix·

96 3111 182 3204 tim,
208 3114 335 3209 collige
360 3133 403 3184 ex
429 3112 470 3185 iis
493 3136 569 3209 quae
594 3112 700 3185 habet
726 3114 888 3187 laudatus
912 3113 1071 3188 Sanchez
1096 3118 1174 3203 (a)
1199 3117 1286 3188 dum
1312 3115 1385 3188 ait:
1410 3115 1451 3185 Si
1474 3112 1627 3208 quisdo·

99 3233 172 3289 tere
199 3214 283 3286 velit
306 3209 420 3287 filiam
444 3210 563 3287 fratris
587 3210 661 3303 sui,
696 3234 758 3288 out
782 3211 895 3286 filiam
919 3211 1006 3305 filii,
1034 3234 1096 3288 aut
1122 3215 1258 3311 nepotis
1281 3211 1423 3302 iratris3
1449 3212 1509 3287 hic
1535 3237 1623 3287 cons

102 3317 265 3390 tradturus
288 3311 398 3388 distat
421 3313 442 3386 d
467 3314 583 3411 ptimo
608 3312 722 3412 stipite
759 3315 796 3389 in
822 3317 937 3413 primo
962 3316 1095 3411 gradu,
1120 3321 1157 3394 St
1182 3319 1203 3389 i
1227 3313 1300 3391 fitia
1335 3313 1453 3389 fratris
1480 3314 1517 3387 in
1552 3315 1622 3409 pri·

101 3436 155 3490 mo
180 3438 264 3491 cum
292 3413 468 3507 secundo,
494 3415 515 3488 d
542 3436 645 3512 nepte
669 3414 786 3490 fratris
813 3417 849 3489 in
875 3416 991 3516 primo
1017 3443 1100 3491 curn
1126 3420 1258 3510 tertio,
1285 3418 1306 3490 t
1340 3437 1510 3514 pronepte
1545 3412 1620 3492 fre·

72 3592 77 3599 ,
103 3519 154 3591 tris
173 3518 211 3593 in
238 3519 353 3616 primo
378 3540 461 3593 cum
486 3532 620 3614 quarto.
644 3512 882 3612 Qriascilicet
908 3521 1086 3616 proneptis
1097 3517 1217 3595 fratris
1226 3543 1393 3616 quaeeum
1405 3514 1624 3595 fratreestifl'

104 3623 206 3696 tertio
230 3622 368 3717 gradu,
393 3615 504 3695 estin
528 3637 657 3716 quarto
681 3643 764 3693 cum
789 3616 1037 3718 fratrispatre‚
1056 3625 1117 3721 qui
1141 3616 1624 3696 fratrumcomtnunioeststi·

104 3741 295 3820 pes,quem
319 3721 464 3815 attingit
475 3721 512 3794 in
539 3720 770 3818 primogradu
795 3726 1036 3797 contrndtunu
1061 3727 1099 3798 in
1111 3722 1193 3799 casu
1217 3719 1482 3820 posnongnur
1506 3722 1622 3797 inter·
1748 3744 1753 3761 ²

106 3819 255 3900 docum
278 3843 407 3922 quarto
432 3821 567 3919 gradu,
591 3843 633 3895 ut
657 3847 701 3896 ex
726 3821 891 3919 praesente
916 3824 1098 3919 privilegio
1135 3822 1320 3919 dispensari
1348 3819 1462 3939 puiset
1491 3874 1504 3912 ‚
1541 3820 1623 3936 sunt

106 3924 553 4126 imitaturte
574 3921 1356 4122 mitissimistituit
1369 3919 1627 4113 trinit:

107 4127 271 4228 trinepos
308 4131 345 4204 in
372 4126 501 4216 terrio,
528 4131 564 4203 dt
589 4148 762 4225 pronepos
786 4127 841 4201 vel
879 4127 1056 4223 proneptis
1082 4148 1125 4199 ex
1151 4122 1260 4201 fratre
1286 4128 1340 4202 vel
1365 4121 1483 4203 sorore
1520 4120 1618 4202 Petri

110 4221 199 4306 distet
223 4231 350 4307 eadem
374 4228 561 4303 rationed
586 4227 770 4305 communi
794 4226 912 4327 stipite
939 4229 984 4301 in·
1002 4243 1138 4324 quarto.

194 4339 288 4423 (tv)
315 4331 521 4429 Multiplici.
547 4330 637 4407 Sunt
661 4332 722 4428 qui
749 4350 873 4428 putent
900 4331 993 4427 apud
1015 4329 1173 4406 Sunchez
1197 4327 1271 4421 (b),
1297 4335 1332 4408 dt
1358 4326 1520 4405 Dianam
1543 4329 1615 4418 (c),

109 4421 327 4524 dispensatum
351 4435 388 4509 in
413 4457 486 4507 uno
511 4434 623 4529 gradu
647 4430 777 4508 censeri
825 4428 1091 4531 dispensatum,
1115 4434 1273 4537 quamvis
1299 4434 1333 4505 in
1360 4454 1405 4503 eo
1429 4431 1541 4528 gradu
1577 4418 1623 4503 sn

109 4521 221 4628 &pirri
246 4538 378 4627 titulo,
405 4555 445 4610 ut
468 4532 574 4632 fiquit
598 4537 726 4610 ducere
752 4537 839 4610 velit
862 4532 1128 4626 consobrinam,
1155 4559 1231 4632 quae
1259 4535 1338 4608 talis
1364 4529 1406 4606 fit
1428 4558 1488 4629 por
1521 4543 1621 4627 pam

104 4620 134 4694 de
149 4639 249 4729 padre
269 4667 292 4728 y
318 4638 356 4713 de
380 4637 516 4712 madre.
551 4637 625 4713 Alii
654 4658 785 4734 negant
812 4690 823 4729 ‚
858 4634 1186 4732 &dubiumquod
1219 4654 1266 4709 ex
1291 4631 1550 4710 affirmarim
1583 4632 1622 4711 &

1440 4757 1572 4830 negan-

100 4844 217 4891 Ἢ

100 4962 188 5109 Αἱ)
207 4977 307 5038 Santi.
327 4978 377 5137 12.
397 4980 427 5117 ¹i
443 4976 601 5038 nemer.
619 4975 650 5038 d·
672 4996 717 5048 η.
736 4976 767 5034 ἡ.
787 4996 834 5046 3²·
875 4973 929 5049 tb)
960 4972 1103 5047 daudet,
1130 4972 1202 5035 ibid·
1221 4990 1251 5037 tu
1266 4962 1297 5043 t:
1312 4966 1389 5045 ''·(c)
1402 4966 1631 5073 Dius,cot‘rd0'

180 5074 270 5128 ΜῙ)
291 5077 317 5119 ²·
390 5074 441 5127 2,
1327 5110 1333 5117 .
1584 5094 1590 5115 ι
