3856 5678
244 254 329 400 4¹35
640 236 1252 371 'broiencourt

202 430 417 542 provisiones
441 437 543 512 aliter
567 431 665 512 sablae
691 448 816 511 co'ntra
852 428 1009 523 sormam
1034 434 1273 526 Tridentini,
1313 430 1501 532 praesertim
1532 424 1631 509 circa
1657 452 1739 514 exe·

201 567 286 618 rnen
311 547 346 617 dt
370 537 610 614 concursum.
647 535 738 634 Quae
772 535 1027 612 sorma'etiam
1063 536 1146 632 Jure
1172 537 1360 611 indiarum
1396 557 1535 635 recepta
1571 535 1625 613 est
1659 562 1740 621 cun

202 642 458 718 constitutione
485 640 626 737 plana,
662 641 793 715 dicitur
817 630 916 815 eniqi
952 640 997 713 ibi
1035 646 1139 730 (a):
1166 640 1385 731 Mandamos,
1423 650 1562 736 queen
1599 641 1739 716 vacado

205 742 447 844 qualesquiera
475 740 660 818 beneficios
685 744 858 835 curadot,
899 767 938 817 os
973 739 1124 838 Obispos
1150 767 1291 840 pongan
1317 742 1446 816 editior
1484 743 1737 818 contermino

205 865 456 944 competente,
481 868 633 946 paraque
659 843 693 918 se
720 868 855 943 rengan
881 844 902 916 d
929 868 1085 940 oponcr.
1115 843 1145 918 Y
1171 844 1348 920 haviendo
1374 844 1563 940 precedido
1596 844 1633 918 el
1659 865 1736 919 erra·

88 967 105 987 ⁸
208 972 295 1027 men
320 944 506 1023 conforme
532 947 554 1020 ri
579 946 754 1038 derecho,
791 951 825 1020 el
850 948 931 1043 qual
958 970 1106 1020 examen
1132 946 1168 1019 se
1192 947 1242 1019 ha
1267 950 1311 1019 de
1347 946 1455 1018 hacer
1490 967 1537 1017 en
1575 943 1742 1025 concurso

204 1048 251 1129 de
290 1047 520 1149 oposttores,
555 1047 783 1124 nombrando
814 1048 1082 1122 examinadores
1119 1049 1207 1123 cada
1244 1053 1317 1122 ario
1353 1042 1539 1121 conforme
1565 1047 1588 1119 ὲ
1615 1049 1738 1145 loque

206 1152 341 1233 manda
366 1156 399 1225 el
425 1151 541 1226 Santo
564 1149 732 1225 Concilio
757 1151 801 1223 de
823 1147 1108 1255 Trento..Qn
1133 1173 1201 1247 que
1227 1151 1279 1224 los
1306 1146 1473 1221 Prelados
1498 1148 1642 1244 puedan
1666 1173 1737 1247 pto

204 1278 317 1353 poner
345 1251 421 1326 srno
448 1255 502 1325 los
526 1249 689 1350 opuestos
715 1276 738 1346 y
770 1252 1020 1342 examinados,
1044 1258 1071 1345 y
1095 1251 1139 1325 de
1164 1252 1253 1326 estos
1278 1253 1331 1324 los
1355 1273 1432 1323 mas
1458 1249 1591 1347 dignor.

251 1361 356 1446 (tu)
380 1355 517 1427 Pariter
541 1354 586 1425 ad
613 1375 648 1451 5.
677 1353 791 1429 Ratio
816 1350 889 1443 est,
913 1354 996 1452 quia
1023 1355 1124 1428 color
1151 1354 1328 1452 legitimus
1355 1349 1469 1427 solum
1507 1348 1626 1448 potest
1647 1375 1729 1450 prta

205 1456 288 1533 sla-ri
316 1457 424 1530 titulo
449 1456 470 1527 d
496 1454 706 1553 potestatem
732 1452 905 1528 habente.
932 1452 1029 1528 Cum
1048 1453 1138 1529 ¹reri>
1165 1455 1203 1528 in
1240 1452 1404 1551 sequente
1442 1449 1668 1549 responsione
1692 1454 1756 1530 ad*

200 1567 239 1636 6.
268 1562 304 1634 dt
330 1578 366 1647 7.
392 1556 612 1646 declaretur,
639 1548 871 1629 matrimonia
900 1557 1081 1632 contraite
1107 1580 1231 1630 coram
1257 1552 1439 1629 sacerdote
1465 1555 1554 1646 illo,
1583 1556 1669 1630 dum
1692 1557 1734 1631 ti·

209 1661 289 1736 tulo
314 1661 482 1734 colorato·
504 1659 670 1750 carebat,
697 1652 796 1732 fuisse
822 1657 962 1750 valida,
990 1656 1095 1755 plane
1121 1655 1329 1748 conficitur,
1357 1656 1403 1730 ad
1427 1654 1593 1732 valorem
1629 1656 1733 1735 sacte-

207 1781 415 1838 mentorum
437 1759 514 1849 iure
539 1779 683 1836 tantum
707 1753 940 1834 ecclesrastico
964 1755 1129 1856 requisita
1154 1758 1301 1857 suppleri
1329 1755 1423 1854 posse
1449 1754 1523 1834 stne
1549 1758 1660 1835 titulo
1683 1784 1733 1836 oo

211 1865 331 1939 locato
358 1887 419 1965 per
444 1886 603 1941 errorem
637 1884 894 1952 communem,
928 1859 988 1934 seu
1026 1885 1085 1957 per
1122 1860 1332 1960 potestatem
1366 1858 1411 1935 ab
1444 1857 1622 1936 Ecclesia
1639 1862 1734 1939 oolla-

211 1985 289 2040 tam
316 1965 462 2043 titulum
487 1989 563 2041 non
588 1964 769 2056 habenti,
803 1964 890 2038 dum
923 1965 1123 2061 communis
1149 1961 1198 2037 est
1222 1985 1353 2053 error,
1379 1962 1466 2037 dnm
1494 1981 1619 2040 tamen
1652 1963 1730 2040 nuris

208 2086 340 2142 ‘eorum
366 2063 488 2157 defit,
523 2092 600 2164 quac
623 2068 669 2141 de
702 2067 775 2157 jure
810 2066 935 2138 divino
963 2089 1003 2137 ac
1042 2064 1195 2138 naturali
1229 2064 1478 2162 requiruntur.
1514 2061 1565 2140 Et
1594 2062 1670 2139 lm
1692 2062 1733 2141 el

210 2166 388 2245 sententia
411 2167 566 2264 plurium
593 2192 677 2242 cum
702 2164 872 2240 Leandro
900 2168 920 2237 i
945 2165 1006 2240 SS.
1033 2165 1269 2240 Sacramento
1296 2163 1369 2258 (b),
1395 2171 1432 2242 ὁ(
1456 2163 1643 2265 Piguatelli
1663 2169 1730 2256 (e),

209 2268 270 2369 qui
297 2291 382 2342 cum
408 2267 531 2360 addit,
560 2270 611 2343 ita
636 2263 801 2344 censuisse
826 2264 977 2341 Sacram
1000 2264 1329 2364 Congregationem
1358 2264 1416 2342 28.
1444 2265 1728 2364 Jul.1662.,ad

209 2368 419 2469 praesentem
443 2370 709 2461 ordinationem
734 2367 940 2465 respiciebat
972 2367 1233 2464 proculdubio.

262 2475 363 2562 (tv)
384 2471 442 2545 Ad
472 2494 529 2547 ιο.
554 2468 760 2589 Negatioe⁸3
797 2470 1014 2588 Ratiocur
1052 2472 1215 2545 triennali
1252 2467 1456 2568 possessione
1489 2466 1670 2590 deseruiere
1699 2469 1728 2543 se

211 2590 387 2752 lilii
401 2570 1726 2774 {lusistisslis‘sititititrririliltilsil

60 2796 67 2815 ⁸
208 2775 319 2852 Card.
346 2775 391 2850 de
415 2773 521 2871 Lugo
547 2777 624 2866 (d)
650 2773 870 2871 requiritur.
908 2774 969 2845 An
1007 2770 1092 2847 verb
1116 2772 1295 2872 supposito
1333 2777 1441 2852 titulo
1464 2777 1630 2853 colorato
1665 2799 1730 2852 nrm

209 2876 475 2969 conditionibus
499 2876 643 2976 reliquis
671 2875 853 2950 triennalis
876 2870 1036 2971 possessio
1071 2873 1138 2964 jus.
1159 2874 1322 2952 conserat
1349 2879 1395 2953 ad
1419 2874 1652 2970 beneficium,
1689 2875 1729 2953 sr·

210 2982 353 3158 csiqreque
389 2980 534 3055 titulum
571 2977 617 3055 de
650 2978 813 3054 colorato
848 2999 972 3054 venam
995 2979 1033 3055 bt
1056 2978 1221 3071 realem,
1257 2976 1438 3079 disputant
1473 2977 1727 3057 Canouillc&

296 3084 356 3159 olo
384 3084 422 3160 i.
896 3105 904 3121 '
1460 3111 1468 3130 .

314 3107 530 3289 Ergquidem
555 3184 650 3290 quod
678 3186 867 3269 triennales
901 3180 1102 3292 possessores
1126 3188 1244 3268 litibus
1281 3187 1461 3266 molestari
1496 3212 1573 3265 non
1598 3186 1725 3265 debeam

154 3352 158 3359 .
209 3286 313 3386 super
335 3288 508 3367 beneficio
534 3291 702 3391 possesso,
730 3290 832 3369 favor
868 3293 1086 3368 indubitatus
1112 3292 1161 3369 est
1187 3293 1334 3391 Regula
1364 3311 1400 3390 3.
1436 3292 1525 3366 aliar
1554 3311 1617 3388 35.
1647 3285 1727 3364 Can·

211 3391 365 3465 cellariae
390 3389 439 3466 src
464 3393 646 3471 habentis:
671 3396 807 3470 Statuit
831 3392 955 3491 quodsi
980 3394 1191 3494 quicumque
1215 3393 1389 3470 beneficia
1404 3390 1635 3468 ecclesiastica
1653 3411 1725 3486 qua·

209 3492 412 3587 liacumque
439 3491 529 3582 stur,
558 3494 684 3592 absque
711 3492 909 3569 simoniaco
936 3491 1109 3593 ingressu,
1145 3495 1337 3596 apostolica
1362 3497 1423 3572 vel
1455 3494 1637 3570 ordinaria
1667 3482 1730 3564 ool·

207 3592 371 3683 latione,
399 3612 461 3667 aut
486 3594 676 3686 eletiione,
701 3596 758 3670 vel
782 3597 960 3669 elesiionis
986 3594 1284 3690 confirmatione,
1310 3595 1370 3674 seu
1396 3593 1728 3693 praesentatione&

1325 3684 1340 3712 Χ

208 3689 430 3767 institut-ione
457 3695 608 3770 illonun·
630 3696 676 3770 ad
701 3719 790 3793 quos
815 3698 990 3793 pertinet,
1030 3721 1090 3794 per
1115 3696 1310 3775 triennium
1359 3693 1481 3773 acificd
1527 3693 1735 3797 possederit,

208 3793 446 3884 (dummodo
473 3796 510 3870 in
534 3794 711 3873 beneficiis
736 3793 932 3888 eiusnodi,
961 3797 986 3872 sr
1012 3797 1230 3898 dispostioni
1259 3725 1459 3898 aposolicae
1485 3823 1547 3874 err:
1559 3799 1674 3896 aliqua
1691 3816 1736 3867 re·

207 3893 407 3972 servatioe
455 3900 587 3976 enerali
627 3902 839 3996 incorpore
874 3900 958 3988 juris
984 3898 1101 4000 clausa
1127 3901 1300 3978 reservata
1337 3898 1495 3993 suerint,
1518 3901 1555 3974 se
1596 3924 1669 3975 non
1691 3897 1734 3968 in·

208 3920 534 4097 truserinikibper
558 3998 690 4076 eisdem
714 3996 893 4075 beneficiis
919 4022 1095 4105 nequeant
1119 4002 1320 4078 molestari.
1346 4004 1499 4079 Necnon
1521 3998 1735 4099 impetratio

162 4183 172 4200 ,
208 4124 271 4172 nes
296 4099 536 4196 quasliberde
561 4097 739 4176 beneficiis
764 4095 843 4197 ipsis
868 4099 976 4176 fruar
1000 4104 1117 4179 irritas
1155 4104 1288 4181 censeri
1309 4105 1438 4182 debere
1461 4104 1625 4179 decrevit
1646 4156 1659 4195 ,
1684 4123 1736 4174 an·

216 4202 335 4296 tiquar
358 4202 438 4274 lites
464 4199 565 4299 super
592 4200 671 4300 ipsis
697 4220 815 4278 motas
843 4204 1078 4303 extinguendo.

315 4296 406 4395 Quae
440 4300 583 4400 Regula
618 4326 663 4378 ert
698 4303 872 4380 Concilio
903 4302 1093 4380 Basileensr
1116 4311 1191 4398 (e)
1222 4308 1294 4384 hac
1317 4326 1520 4406 partenon
1559 4301 1745 4405 reprobato

211 4399 397 4502 desumpta
424 4400 494 4494 est,
519 4403 578 4479 ubi
603 4406 752 4483 dicitur:
779 4407 980 4518 Quicumque
1007 4432 1081 4481 non
1109 4411 1283 4486 violentus
1298 4408 1357 4486 sed
1381 4409 1518 4484 habens
1541 4410 1744 4485 coloratum

214 4506 364 4581 titulum
389 4502 534 4603 pacifice
558 4510 596 4586 bt
621 4506 698 4583 stne
718 4510 783 4584 lite
810 4509 1058 4604 praelaturam,
1083 4512 1323 4608 dignitatem,
1349 4508 1586 4604 beneficium,
1610 4509 1673 4584 vel
1701 4502 1747 4582 os·

211 4604 333 4684 ficium
361 4609 515 4684 triennio
540 4612 707 4708 proximo
729 4608 897 4686 haetenus
917 4609 1088 4709 possedit,
1114 4614 1169 4689 vel
1191 4614 1232 4691 iu
1254 4609 1415 4691 futurum
1441 4611 1634 4714 possidebit
1630 4632 1744 4790 ,ff

1112 4756 1116 4764 r
1607 4743 1629 4816 p
1698 4735 1709 4786 1

252 4894 390 4986 (alleg.
414 4917 458 4966 aq.
477 4898 526 4957 tir·
547 4908 574 4957 τ.
594 4899 645 4957 lib.
670 4920 694 4954 r.
714 4903 814 4965 mcor.
833 4902 897 4960 tat.
936 4903 988 4972 (c)
1010 4906 1134 4964 [eunde.
1155 4926 1197 4969 rr.
1217 4927 1250 4973 9.
1265 4910 1309 4967 De
1329 4904 1467 4968 Martini.
1488 4909 1530 4966 Β.
1552 4928 1581 4972 t·
1605 4924 1637 4977 q·
1654 4926 1698 4974 to
1713 4908 1740 4957 V

213 4975 356 5038 Laerorx,
375 4992 451 5030 num.
476 4994 539 5039 7²7·
556 4977 601 5033 De
620 4979 755 5034 Macrim
797 4976 850 5045 (c)
872 4979 1007 5050 Pigeat„
1026 4997 1091 5044 tona
1113 4996 1141 5042 6.
1161 4986 1283 5056 Consult-
1306 5007 1334 5052 3·
1374 4985 1437 5060 (d)
1458 4989 1491 5044 C.
1513 4984 1551 5046 de
1571 4988 1675 5060 Lago,
1690 4982 1742 5041 sti·

214 5048 392 5119 &Just-s.
416 5069 481 5116 7.ae
514 5070 544 5110 aa.
569 5071 634 5120 ¹¹30
674 5054 958 5128 se)C.Bafil.seffi
982 5063 1071 5122 rui.
1095 5063 1352 5137 abesae-poll.
