3864 5686
847 256 871 300 δ
1079 278 1084 293 .

549 343 1054 426 hiostoricum
1110 366 1218 445 1500.
1270 330 1381 444 1563.
1494 381 1499 391 ,
1613 369 1681 423 101

202 510 266 560 rno
291 484 338 562 de
363 485 562 591 regulares,
586 514 609 583 y
634 515 701 590 que
726 489 770 564 de
794 487 876 578 bajo
901 488 945 564 de
970 487 1041 564 esta
1067 488 1314 588 tuismeregla
1350 484 1421 581 esta'⁴
1448 489 1634 586 prevenido
1669 514 1736 588 por

201 590 237 661 la
263 590 310 663 lei
339 587 400 663 28.
428 591 483 664 rit.
514 589 634 686 15.·l.
674 613 705 664 1.
731 592 774 664 de
799 594 833 666 la
869 591 1200 687 Recopilacion'de
1237 592 1392 679 Indiae,
1427 590 1478 665 srn
1503 616 1624 690 queen
1647 616 1736 665 unas

204 692 242 764 ni
266 716 316 765 en
342 713 438 771 otras
464 691 497 764 se
522 694 637 767 limite
663 694 698 767 la
724 692 925 779 jurisdiciou
961 697 1004 766 de
1029 695 1084 769 los
1120 690 1332 768 Ordinatios
1366 717 1410 766 en
1444 691 1648 790 subdelegar
1682 696 1736 769 las

204 788 326 867 vifitas
351 795 394 869 de
421 794 601 890 religiosos
638 818 684 868 en
707 795 761 867 Ios
798 793 986 892 calorque
1013 795 1430 891 previeneelderecho.
1469 821 1580 892 ypor
1607 799 1643 871 lo
1667 817 1735 897 que

203 895 295 968 mira
322 896 359 969 al
382 893 537 993 segundo
562 917 674 992 punto
698 895 796 969 sobre
822 898 856 969 la
881 896 1040 970 eleccion
1064 896 1109 970 de
1134 896 1282 971 vicarios
1306 892 1493 988 foraneos,
1528 897 1562 972 se
1597 897 1646 970 ha
1683 922 1736 970 re·

202 976 382 1069 conoeido
416 1020 484 1094 que
512 999 551 1087 la
577 997 788 1087 omnimoda
823 1022 889 1095 que
914 994 949 1072 se
974 996 1045 1070 cita
1070 1021 1116 1070 en
1151 998 1186 1071 la
1212 995 1347 1072 Cedula
1373 1023 1438 1096 por
1463 1001 1515 1072 los
1539 997 1666 1073 Breues
1690 999 1735 1073 de

204 1097 369 1175 Adriano
407 1097 469 1173 Vl.
507 1122 532 1189 y
566 1094 680 1199 Paulo
716 1095 815 1188 lll.‚
851 1096 923 1173 esta
949 1104 1120 1172 revoeada
1147 1122 1210 1197 por
1235 1097 1414 1194 Gregorio
1439 1099 1544 1176 XIII.
1571 1126 1593 1197 y
1619 1098 1744 1174 Paulo·

201 1196 277 1290 V.,
304 1224 328 1293 y
353 1220 451 1274 ortos
476 1194 687 1276 Pontifices.
716 1225 739 1293 y
765 1194 996 1275 considerado
1022 1201 1107 1274 todo
1133 1224 1181 1273 en
1204 1200 1237 1272 el
1262 1198 1417 1289 Conscjo
1440 1199 1475 1275 se
1500 1201 1548 1277 ha
1587 1201 1733 1279 acorde-

206 1300 276 1390 do,
306 1325 376 1399 que
400 1325 450 1374 no
477 1299 526 1375 ha
551 1303 652 1398 lugat
676 1304 712 1375 la
738 1299 937 1397 prerensron
960 1301 1005 1374 de
1030 1299 1088 1374 Fr.
1115 1299 1298 1376 Beruardo
1322 1301 1511 1393 Ronuros,
1537 1330 1561 1397 y
1586 1320 1734 1378 revocar

204 1421 313 1475 conto
337 1426 404 1499 por
428 1404 464 1476 la
492 1398 647 1498 presente
672 1405 800 1477 revoco
816 1407 865 1483 lo
886 1400 1060 1502 dispuesto
1084 1427 1130 1476 en
1157 1400 1281 1476 ambos
1304 1422 1433 1500 puntos
1458 1429 1523 1501 por
1547 1403 1732 1481 laadlehas

200 1498 363 1595 ednas,
390 1528 413 1598 y
439 1504 571 1578 mando
594 1502 629 1577 sc
654 1505 819 1596 recejan,
846 1531 868 1601 p
892 1528 1003 1602 tuego
1028 1499 1049 1579 1
1074 1509 1128 1577 los
1154 1504 1312 1601 prelados
1322 1507 1378 1576 del
1404 1501 1495 1578 Perti
1520 1531 1544 1600 y
1568 1507 1611 1594 de
1633 1506 1743 1582 Nue·'

202 1624 243 1677 va
269 1602 434 1702 hispana,
461 1607 589 1680 cuiden
615 1605 657 1679 de
684 1609 718 1678 la
741 1604 968 1681 observancia
994 1604 1040 1680 de
1063 1604 1134 1680 esta
1147 1659 1158 1695 ,
1184 1629 1208 1698 y
1232 1605 1350 1702 hagan
1365 1601 1409 1679 'se
1434 1603 1572 1682 observe
1598 1612 1634 1682 lo
1659 1605 1730 1682 dis·

199 1705 319 1803 puello
370 1730 436 1803 por
468 1709 523 1782 los
557 1704 780 1791 Concilios,
816 1705 917 1800 Lejes
941 1706 984 1782 de
1008 1708 1045 1780 la
1069 1708 1349 1803 Recopilacion,
1384 1706 1529 1804 vestilo
1563 1734 1630 1807 que
1653 1709 1730 1782 han

203 1807 401 1903 pradicatio
426 1833 472 1881 en
497 1812 635 1904 quanto
658 1808 678 1880 i
704 1809 872 1883 nombrar
898 1807 1121 1901 visrtadores,
1146 1835 1168 1904 y
1194 1830 1304 1909 poner
1330 1809 1478 1883 vicarios
1513 1809 1690 1884 Foraneos
1715 1861 1729 1903 ,
1780 1884 1785 1891 ,

204 1906 374 1983 evisando
401 1909 457 1983 del
481 1909 600 1984 recibo
625 1909 669 1983 de
694 1907 763 1984 este
787 1909 982 2008 despacho.
1011 1908 1129 1986 Fecha
1155 1936 1192 1984 err
1216 1909 1380 2000 Madrid,
1405 1916 1471 1988 dte.

153 2034 159 2049 ·
265 2104 270 2113 ·
305 2008 376 2087 Ubi
403 2034 446 2083 ex
471 2011 631 2102 rimitur,
658 2010 860 2108 praesentem
887 2013 1035 2089 Adriani
1072 2013 1336 2089 ordinationem
1359 2008 1426 2090 ell'e
1463 2032 1669 2089 revocatam
1705 2006 1733 2088 ί

201 2108 379 2211 Gregorio
461 2111 510 2185 ll.
537 2107 650 2188 Paulo
675 2110 722 2184 V.
748 2119 785 2191 dr
810 2114 885 2188 aliis
910 2112 1270 2197 Pontificibus.'l·10c
1296 2132 1417 2187 tamen
1435 2125 1517 2188 'non
1550 2111 1601 2187 est
1637 2112 1735 2189 acce

201 2212 367 2309 piendum
393 2212 438 2287 de
464 2215 689 2290 revocatione
715 2212 873 2292 absoluta
900 2222 934 2294 de
959 2213 1163 2309 indefinita,
1188 2240 1256 2313 qua
1282 2210 1736 2309 caffenrurotnniapunlles

199 2313 234 2387 in
265 2315 479 2415 omnimoda
515 2337 707 2410 contenta,
742 2316 802 2392 sed
828 2318 920 2392 circa
955 2314 1142 2405 subjeltam
1166 2318 1381 2409 materiam,
1407 2337 1447 2391 ut
1484 2304 1756 2409 ibi-diciturſs

196 2417 315 2490 Porlo
340 2418 513 2513 permira
539 2421 575 2491 al
593 2416 732 2516 segardo
753 2435 877 2518 panto.
903 2418 974 2494 Sed
999 2440 1065 2492 nec
1089 2416 1373 2494 constitutiones
1400 2418 1528 2491 citatas
1554 2416 1723 2514 Gregosii

198 2518 234 2592 dt
260 2514 399 2613 Pauli,
436 2518 559 2616 quibu‘s
593 2520 630 2593 in
666 2519 735 2594 hoc
761 2521 888 2617 pundo
925 2537 1110 2595 revocatur
1142 2519 1375 2610 omnimoda,
1411 2519 1560 2617 repeiire
1584 2519 1686 2593 licuit
1710 2536 1736 2594 .··

193 2615 296 2690 Satis
330 2638 449 2697 tamen
475 2619 534 2695 'est
557 2617 687 2696 novisse
712 2644 754 2699 eu
790 2622 953 2720 prasente
978 2620 1143 2697 schedula
1168 2642 1372 2695 revocatam
1396 2616 1463 2695 elle
1490 2648 1500 2710 3
1536 2617 1726 2717 praesertim

194 2742 281 2793 curn
307 2721 344 2794 in
368 2719 488 2796 Consi.
514 2729 602 2797 Cum
619 2748 752 2821 1111711.
779 2721 956 2819 Benedie'li
981 2720 1081 2798 XIV.
1109 2725 1191 2798 data
1219 2747 1315 2796 anno
1346 2743 1454 2817 1751.
1484 2721 1519 2796 8.
1545 2720 1637 2794 Nov.
1664 2720 1726 2795 de·

194 2823 382 2913 claretur,
419 2829 593 2921 regulares
631 2825 803 2921 parochos
840 2844 879 2900 ut
907 2826 995 2899 tales
1020 2834 1095 2899 non
1131 2820 1273 2900 tanrnm
1298 2820 1487 2921 episcopis,
1512 2820 1571 2897 sed
1596 2826 1734 2899 eorutn'

197 2919 433 2998 visitatoribus
458 2923 522 2998 esse
547 2924 734 3017 subicerer,
760 2949 800 3000 ut
828 2927 907 3002 vide
932 2923 1024 3003 infra
1051 2925 1114 3003 lito
1139 2927 1245 3003 loco,
1275 2925 1365 3000 Vide
1390 2926 1502 3001 etiam
1537 2921 1628 2998 Ord.
1666 2923 1724 3004 Pil

202 3019 263 3097 lv.
289 3022 385 3098 infra
415 3050 510 3099 anno
541 3034 645 3120 1556.
677 3029 811 3103 Adnor.
838 3026 904 3101 IV.
1299 3038 1301 3042 “

236 3214 239 3219 p
289 3123 359 3199 De
387 3147 506 3198 cetero
530 3151 606 3198 non
630 3124 696 3199 else
722 3151 928 3202 revocatam
953 3124 1110 3205 absolute
1121 3129 1268 3203 Adriani
1294 3127 1617 3219 constitutionem,
1639 3151 1725 3224 prte-

200 3226 362 3303 terdicta
390 3226 496 3301 initio
521 3227 623 3315 hujus
647 3227 901 3303 Adnotationis
928 3282 939 3320 ,
965 3227 1101 3304 constat
1126 3253 1168 3303 ex
1193 3233 1268 3328 lege
1295 3250 1353 3323 27.
1382 3248 1408 3303 t.
1440 3252 1497 3325 15.
1526 3232 1549 3300 l.
1591 3250 1622 3301 1.
1650 3229 1726 3306 tte„

198 3348 270 3422 cop.
298 3325 380 3399 lnd.
408 3350 481 3400 nno
507 3326 806 3424 amphus'r‘aecuro
832 3329 906 3425 post
929 3330 1145 3426 Gregoritun
1157 3328 1265 3406 XIII.
1291 3332 1351 3427 qui
1377 3327 1549 3404 revocasse
1567 3328 1722 3427 dicitur,

196 3429 409 3525 recopilata‚
436 3433 472 3504 &
494 3453 539 3504 ex
565 3427 766 3506 Monitorio
792 3431 978 3507 Dominici
1007 3429 1125 3506 Maria
1151 3431 1289 3522 Cursu,
1317 3431 1360 3503 de
1386 3455 1457 3527 quo
1496 3428 1586 3505 infra
1623 3454 1724 3509 anno

197 3528 304 3624 1683.
328 3553 370 3603 ·2.
398 3528 513 3623 Dec,
540 3534 575 3605 in
601 3558 672 3629 quo
698 3533 792 3608 illius
817 3531 1078 3611 constitutionis
1103 3540 1140 3613 dt
1164 3536 1315 3610 aliarum
1343 3533 1508 3609 indicitur
1533 3535 1721 3613 executio.
1791 3614 1792 3618 ,

193 3627 260 3705 sed
285 3635 321 3709 dr
347 3631 474 3707 alicubi
501 3630 700 3708 concellum
725 3633 773 3711 est
797 3636 958 3734 deinceps
983 3636 1202 3735 privilegium
1227 3634 1322 3735 quod
1347 3635 1406 3709 hic
1432 3634 1724 3717 diciturrevoca·

194 3750 269 3805 nrm
295 3738 375 3822 ,nt
399 3731 485 3806 fides
510 3731 553 3830 fit
580 3739 616 3810 in
643 3737 750 3833 Regis
774 3735 954 3835 Catholici
979 3735 1154 3811 Schedula
1192 3737 1348 3834 quadam
1386 3736 1469 3809 data
1510 3758 1619 3832 1757.
1662 3758 1722 3830 17.

190 3829 308 3931 Sept.²
336 3833 394 3906 ubi
419 3835 464 3911 de
490 3835 683 3912 Provinciae
708 3835 907 3912 Mexicanae
932 3839 968 3913 S.
994 3832 1025 3932 J.
1052 3837 1269 3913 missionibus
1293 3837 1455 3909 dicittu:
1489 3843 1556 3909 Por
1580 3839 1610 3910 el
1632 3840 1724 3911 clare
1805 3922 1809 3929 .

190 3931 342 4010 derecho
368 3960 436 4034 que
462 3942 558 4014 tenia
583 3935 621 4011 su
647 3939 888 4038 provinciaen
915 3939 1030 4012 virtud
1059 3940 1102 4014 de
1128 3963 1200 4013 una
1227 3938 1299 4007 real
1326 3934 1488 4027 cedula,
1523 3935 1604 4011 bula
1631 3962 1720 4037 pon-

192 4030 334 4139 tificia,
370 4063 394 4132 y
431 4039 495 4114 dos
531 4043 640 4116 reales
665 4037 898 4116 resoluciones
923 4064 1007 4140 para
1042 4065 1091 4116 no
1126 4036 1178 4114 ser
1206 4034 1371 4113 vistrados
1396 4031 1474 4111 srno
1498 4059 1535 4111 es
1567 4060 1632 4141 pot
1666 4041 1721 4117 los

193 4134 339 4211 mismos
363 4140 517 4235 Olispor.
1433 4168 1437 4181 ¹

241 4241 337 4326 (111)
360 4240 628 4343 Caefirraegvrslae.
654 4246 791 4342 Nempe
816 4247 902 4323 data
927 4244 976 4322 est
1002 4244 1208 4322 constitutio
1219 4239 1361 4340 praesens
1387 4261 1469 4317 ante
1494 4242 1645 4321 Adriani
1680 4246 1720 4323 ln

193 4334 364 4451 Hispania
390 4344 507 4421 adhuc
535 4350 672 4444 agentis
697 4352 988 4425 coronationem.
1014 4348 1081 4424 Per
1107 4349 1176 4422 hoc
1204 4367 1324 4420 tamen
1349 4344 1441 4418 nihil
1467 4346 1499 4422 ei
1527 4347 1571 4421 de
1597 4346 1721 4422 validi·

195 4454 269 4516 tate
292 4443 453 4543 deperit3
481 4474 566 4522 nam
591 4459 717 4550 Papam
756 4454 822 4526 rite*
858 4454 1007 4529 ereetum
1034 4452 1125 4549 prius
1150 4472 1259 4548 quarn
1284 4468 1499 4540 coronetur,
1525 4473 1600 4526 uon
1619 4448 1720 4528 debe·

195 4560 231 4615 re
253 4539 289 4618 se
316 4546 553 4625 intromittere
581 4554 617 4626 in
639 4555 922 4651 provincialibus,
948 4559 984 4631 dt
1009 4556 1085 4630 aliis
1110 4552 1233 4650 gratiis
1265 4545 1432 4625 faciendis
1457 4573 1555 4625 error
1578 4547 1629 4624 est
1662 4572 1720 4623 ex-

163 4690 168 4699 ·
195 4646 520 4726 communicatione
546 4652 732 4732 damnante
758 4660 795 4733 in
820 4660 1050 4733 Extremulr.
1075 4661 1127 4734 De
1147 4651 1232 4748 sent.
1259 4674 1406 4745 excom„
1430 4651 1556 4753 dequo
1581 4651 1658 4730 vide
1675 4650 1718 4740 Ρ.
1807 4724 1813 4733 .

196 4738 324 4826 suarez
348 4751 385 4828 d.
413 4771 475 4854 23·
502 4751 563 4828 De
586 4756 733 4836 Censur.
760 4787 787 4836 1.
814 4768 850 4840 6.
877 4788 913 4836 n.
947 4785 977 4837 1.
1434 4782 1445 4795 “
