<?xml version="1.0" encoding="UTF-8"?>
<!DOCTYPE html PUBLIC "-//W3C//DTD XHTML 1.0 Transitional//EN"
    "http://www.w3.org/TR/xhtml1/DTD/xhtml1-transitional.dtd">
<html xmlns="http://www.w3.org/1999/xhtml" xml:lang="en" lang="en">
 <head>
  <title>
</title>
<meta http-equiv="Content-Type" content="text/html;charset=utf-8" />
  <meta name='ocr-system' content='tesseract 3.04.00' />
  <meta name='ocr-capabilities' content='ocr_page ocr_carea ocr_par ocr_line ocrx_word'/>
</head>
<body>
  <div class='ocr_page' id='page_1' title='image "./fastinoviorbise00moregoog_0156.png"; bbox 0 0 3856 5678; ppageno 0'>
   <div class='ocr_carea' id='block_1_1' title="bbox 534 329 1669 434">
    <p class='ocr_par' dir='ltr' id='par_1_1' title="bbox 534 329 1669 434">
     <span class='ocr_line' id='line_1_1' title="bbox 534 329 1669 434; baseline 0.005 -30"><span class='ocrx_word' id='word_1_1' title='bbox 534 329 1042 410; x_wconf 71' lang='lat' dir='ltr'>Arosrotrca.</span> <span class='ocrx_word' id='word_1_2' title='bbox 1100 355 1206 431; x_wconf 83' lang='lat'>1500.</span> <span class='ocrx_word' id='word_1_3' title='bbox 1263 341 1378 434; x_wconf 67' lang='lat'>1563.</span> <span class='ocrx_word' id='word_1_4' title='bbox 1601 356 1669 433; x_wconf 82' lang='lat'>145</span> 
     </span>
    </p>
   </div>
   <div class='ocr_carea' id='block_1_2' title="bbox 188 466 1736 673">
    <p class='ocr_par' dir='ltr' id='par_1_2' title="bbox 188 466 1736 673">
     <span class='ocr_line' id='line_1_2' title="bbox 188 466 1725 573; baseline 0 -24"><span class='ocrx_word' id='word_1_5' title='bbox 188 473 371 565; x_wconf 80' lang='lat' dir='ltr'>cerionem</span> <span class='ocrx_word' id='word_1_6' title='bbox 397 466 562 547; x_wconf 78' lang='lat' dir='ltr'>accedere</span> <span class='ocrx_word' id='word_1_7' title='bbox 589 472 727 549; x_wconf 90' lang='lat' dir='ltr'>videtur</span> <span class='ocrx_word' id='word_1_8' title='bbox 751 470 888 573; x_wconf 79' lang='lat' dir='ltr'>Burgus</span> <span class='ocrx_word' id='word_1_9' title='bbox 912 473 956 548; x_wconf 90' lang='lat' dir='ltr'>de</span> <span class='ocrx_word' id='word_1_10' title='bbox 983 470 1053 549; x_wconf 89' lang='lat' dir='ltr'>Paz</span> <span class='ocrx_word' id='word_1_11' title='bbox 1079 473 1171 573; x_wconf 87' lang='lat' dir='ltr'>apud</span> <span class='ocrx_word' id='word_1_12' title='bbox 1196 472 1327 552; x_wconf 85' lang='lat' dir='ltr'>Suarez</span> <span class='ocrx_word' id='word_1_13' title='bbox 1352 478 1370 567; x_wconf 90' lang='lat'>(</span> <span class='ocrx_word' id='word_1_14' title='bbox 1381 479 1429 561; x_wconf 86' lang='lat' dir='ltr'>a)</span> <span class='ocrx_word' id='word_1_15' title='bbox 1456 475 1574 551; x_wconf 84' lang='lat' dir='ltr'>dicens</span> <span class='ocrx_word' id='word_1_16' title='bbox 1586 477 1725 572; x_wconf 88' lang='lat' dir='ltr'>,requi-</span> 
     </span>
     <span class='ocr_line' id='line_1_3' title="bbox 190 572 1736 673; baseline 0.001 -23"><span class='ocrx_word' id='word_1_17' title='bbox 190 576 220 650; x_wconf 90' lang='lat' dir='ltr'>ri</span> <span class='ocrx_word' id='word_1_18' title='bbox 242 574 424 672; x_wconf 86' lang='lat' dir='ltr'>duplicem</span> <span class='ocrx_word' id='word_1_19' title='bbox 448 572 662 649; x_wconf 85' lang='lat' dir='ltr'>sententiam</span> <span class='ocrx_word' id='word_1_20' title='bbox 687 595 728 650; x_wconf 92' lang='lat' dir='ltr'>ut</span> <span class='ocrx_word' id='word_1_21' title='bbox 753 576 970 652; x_wconf 75' lang='lat' dir='ltr'>consuetudo</span> <span class='ocrx_word' id='word_1_22' title='bbox 995 578 1125 650; x_wconf 88' lang='lat' dir='ltr'>minori</span> <span class='ocrx_word' id='word_1_23' title='bbox 1147 596 1306 673; x_wconf 81' lang='lat' dir='ltr'>ternpore</span> <span class='ocrx_word' id='word_1_24' title='bbox 1332 577 1576 655; x_wconf 85' lang='lat' dir='ltr'>convalescat:</span> <span class='ocrx_word' id='word_1_25' title='bbox 1591 578 1736 652; x_wconf 62' lang='lat' dir='ltr'>addensx</span> 
     </span>
    </p>
   </div>
   <div class='ocr_carea' id='block_1_3' title="bbox 190 673 1899 757">
    <p class='ocr_par' dir='ltr' id='par_1_3' title="bbox 190 673 1899 757">
     <span class='ocr_line' id='line_1_4' title="bbox 190 673 1899 757; baseline 0.002 -5"><span class='ocrx_word' id='word_1_26' title='bbox 190 694 312 752; x_wconf 84' lang='lat' dir='ltr'>nmen</span> <span class='ocrx_word' id='word_1_27' title='bbox 337 676 449 750; x_wconf 86' lang='lat' dir='ltr'>ctiam</span> <span class='ocrx_word' id='word_1_28' title='bbox 473 673 540 750; x_wconf 80' lang='lat' dir='ltr'>effe</span> <span class='ocrx_word' id='word_1_29' title='bbox 565 673 793 755; x_wconf 79' lang='lat' dir='ltr'>necessariam</span> <span class='ocrx_word' id='word_1_30' title='bbox 817 699 858 755; x_wconf 92' lang='lat' dir='ltr'>ut</span> <span class='ocrx_word' id='word_1_31' title='bbox 882 676 1290 755; x_wconf 84' lang='lat' dir='ltr'>convalescatdecennio</span> <span class='ocrx_word' id='word_1_32' title='bbox 1302 684 1356 756; x_wconf 90' lang='lat' dir='ltr'>vel</span> <span class='ocrx_word' id='word_1_33' title='bbox 1380 679 1722 757; x_wconf 81' lang='lat' dir='ltr'>vicennio.Accedit</span> <span class='ocrx_word' id='word_1_34' title='bbox 1816 708 1822 717; x_wconf 59' lang='lat'><em>¹</em></span> <span class='ocrx_word' id='word_1_35' title='bbox 1896 733 1899 740; x_wconf 86' lang='lat'>-</span> 
     </span>
    </p>
   </div>
   <div class='ocr_carea' id='block_1_4' title="bbox 188 774 1728 4736">
    <p class='ocr_par' dir='ltr' id='par_1_4' title="bbox 188 774 1081 875">
     <span class='ocr_line' id='line_1_5' title="bbox 188 774 1081 875; baseline -0.002 -22"><span class='ocrx_word' id='word_1_36' title='bbox 188 776 300 853; x_wconf 85' lang='lat' dir='ltr'>etiam</span> <span class='ocrx_word' id='word_1_37' title='bbox 326 774 599 852; x_wconf 83' lang='lat' dir='ltr'>Panormitanur</span> <span class='ocrx_word' id='word_1_38' title='bbox 626 779 717 875; x_wconf 91' lang='lat' dir='ltr'>apud</span> <span class='ocrx_word' id='word_1_39' title='bbox 742 782 895 853; x_wconf 89' lang='lat' dir='ltr'>eundem</span> <span class='ocrx_word' id='word_1_40' title='bbox 921 803 1018 852; x_wconf 89' lang='lat' dir='ltr'>num.</span> <span class='ocrx_word' id='word_1_41' title='bbox 1045 806 1081 872; x_wconf 87' lang='lat'>9.</span> 
     </span>
    </p>

    <p class='ocr_par' dir='ltr' id='par_1_5' title="bbox 190 876 1728 2074">
     <span class='ocr_line' id='line_1_6' title="bbox 291 876 1724 978; baseline 0.003 -25"><span class='ocrx_word' id='word_1_42' title='bbox 291 876 340 953; x_wconf 87' lang='lat' dir='ltr'>Et</span> <span class='ocrx_word' id='word_1_43' title='bbox 366 879 412 954; x_wconf 90' lang='lat' dir='ltr'>ad</span> <span class='ocrx_word' id='word_1_44' title='bbox 437 882 606 976; x_wconf 85' lang='lat' dir='ltr'>teplicam</span> <span class='ocrx_word' id='word_1_45' title='bbox 630 881 677 954; x_wconf 91' lang='lat' dir='ltr'>ibi</span> <span class='ocrx_word' id='word_1_46' title='bbox 704 881 748 955; x_wconf 88' lang='lat' dir='ltr'>ab</span> <span class='ocrx_word' id='word_1_47' title='bbox 773 881 917 959; x_wconf 84' lang='lat' dir='ltr'><strong>Eximio</strong></span> <span class='ocrx_word' id='word_1_48' title='bbox 942 879 1102 959; x_wconf 77' lang='lat' dir='ltr'>Dattore</span> <span class='ocrx_word' id='word_1_49' title='bbox 1126 879 1258 959; x_wconf 73' lang='lat' dir='ltr'>fallam</span> <span class='ocrx_word' id='word_1_50' title='bbox 1284 883 1364 974; x_wconf 90' lang='lat' dir='ltr'>dic,</span> <span class='ocrx_word' id='word_1_51' title='bbox 1391 880 1570 978; x_wconf 87' lang='lat' dir='ltr'>duplicem</span> <span class='ocrx_word' id='word_1_52' title='bbox 1587 879 1724 959; x_wconf 85' lang='lat' dir='ltr'>senten·</span> 
     </span>
     <span class='ocr_line' id='line_1_7' title="bbox 192 979 1726 1084; baseline 0 -26"><span class='ocrx_word' id='word_1_53' title='bbox 192 979 281 1058; x_wconf 83' lang='lat' dir='ltr'>tiam</span> <span class='ocrx_word' id='word_1_54' title='bbox 307 1001 393 1055; x_wconf 81' lang='lat' dir='ltr'>ante</span> <span class='ocrx_word' id='word_1_55' title='bbox 417 981 627 1060; x_wconf 84' lang='lat' dir='ltr'>decennium</span> <span class='ocrx_word' id='word_1_56' title='bbox 652 985 705 1057; x_wconf 92' lang='lat' dir='ltr'>vel</span> <span class='ocrx_word' id='word_1_57' title='bbox 731 983 933 1058; x_wconf 82' lang='lat' dir='ltr'>vicennium</span> <span class='ocrx_word' id='word_1_58' title='bbox 959 983 1072 1058; x_wconf 81' lang='lat' dir='ltr'>latam</span> <span class='ocrx_word' id='word_1_59' title='bbox 1098 982 1164 1060; x_wconf 85' lang='lat' dir='ltr'>elle</span> <span class='ocrx_word' id='word_1_60' title='bbox 1190 982 1283 1084; x_wconf 85' lang='lat' dir='ltr'>polle</span> <span class='ocrx_word' id='word_1_61' title='bbox 1308 983 1458 1074; x_wconf 81' lang='lat' dir='ltr'>justam,</span> <span class='ocrx_word' id='word_1_62' title='bbox 1485 1009 1559 1060; x_wconf 88' lang='lat' dir='ltr'>non</span> <span class='ocrx_word' id='word_1_63' title='bbox 1578 982 1726 1082; x_wconf 83' lang='lat' dir='ltr'>praesup-</span> 
     </span>
     <span class='ocr_line' id='line_1_8' title="bbox 191 1077 1723 1184; baseline 0.001 -27"><span class='ocrx_word' id='word_1_64' title='bbox 191 1077 359 1180; x_wconf 63' lang='lat' dir='ltr'>positivk,</span> <span class='ocrx_word' id='word_1_65' title='bbox 384 1080 445 1156; x_wconf 81' lang='lat' dir='ltr'>sed</span> <span class='ocrx_word' id='word_1_66' title='bbox 467 1082 706 1181; x_wconf 75' lang='lat' dir='ltr'>cornpletive3</span> <span class='ocrx_word' id='word_1_67' title='bbox 730 1104 901 1182; x_wconf 84' lang='lat' dir='ltr'>quatenus</span> <span class='ocrx_word' id='word_1_68' title='bbox 939 1084 986 1157; x_wconf 86' lang='lat' dir='ltr'>ad</span> <span class='ocrx_word' id='word_1_69' title='bbox 1018 1083 1232 1163; x_wconf 82' lang='lat' dir='ltr'>sententiam</span> <span class='ocrx_word' id='word_1_70' title='bbox 1269 1082 1452 1160; x_wconf 86' lang='lat' dir='ltr'>ferendam</span> <span class='ocrx_word' id='word_1_71' title='bbox 1485 1087 1723 1184; x_wconf 79' lang='lat' dir='ltr'>praecedunt,</span> 
     </span>
     <span class='ocr_line' id='line_1_9' title="bbox 193 1179 1724 1285; baseline 0 -25"><span class='ocrx_word' id='word_1_72' title='bbox 193 1203 252 1261; x_wconf 83' lang='lat' dir='ltr'>rut</span> <span class='ocrx_word' id='word_1_73' title='bbox 279 1182 474 1279; x_wconf 72' lang='lat' dir='ltr'>precedere</span> <span class='ocrx_word' id='word_1_74' title='bbox 501 1179 638 1282; x_wconf 77' lang='lat' dir='ltr'>possunt</span> <span class='ocrx_word' id='word_1_75' title='bbox 666 1186 882 1261; x_wconf 87' lang='lat' dir='ltr'>adminicula</span> <span class='ocrx_word' id='word_1_76' title='bbox 908 1184 1069 1285; x_wconf 82' lang='lat' dir='ltr'>quaedam</span> <span class='ocrx_word' id='word_1_77' title='bbox 1093 1185 1128 1262; x_wconf 90' lang='lat' dir='ltr'>se</span> <span class='ocrx_word' id='word_1_78' title='bbox 1155 1186 1234 1263; x_wconf 90' lang='lat' dir='ltr'>solis</span> <span class='ocrx_word' id='word_1_79' title='bbox 1260 1184 1506 1264; x_wconf 88' lang='lat' dir='ltr'>insufficientia</span> <span class='ocrx_word' id='word_1_80' title='bbox 1544 1190 1589 1262; x_wconf 88' lang='lat' dir='ltr'>ad</span> <span class='ocrx_word' id='word_1_81' title='bbox 1625 1187 1724 1262; x_wconf 91' lang='lat' dir='ltr'>abro-</span> 
     </span>
     <span class='ocr_line' id='line_1_10' title="bbox 190 1285 1726 1387; baseline 0.003 -27"><span class='ocrx_word' id='word_1_82' title='bbox 190 1285 345 1382; x_wconf 82' lang='lat' dir='ltr'>gandam</span> <span class='ocrx_word' id='word_1_83' title='bbox 370 1287 510 1382; x_wconf 88' lang='lat' dir='ltr'>legem,</span> <span class='ocrx_word' id='word_1_84' title='bbox 550 1286 673 1383; x_wconf 84' lang='lat' dir='ltr'>quibus</span> <span class='ocrx_word' id='word_1_85' title='bbox 709 1307 832 1362; x_wconf 88' lang='lat' dir='ltr'>tamen</span> <span class='ocrx_word' id='word_1_86' title='bbox 869 1286 1060 1364; x_wconf 85' lang='lat' dir='ltr'>accedente</span> <span class='ocrx_word' id='word_1_87' title='bbox 1093 1289 1244 1387; x_wconf 90' lang='lat' dir='ltr'>duplicis</span> <span class='ocrx_word' id='word_1_88' title='bbox 1281 1285 1462 1364; x_wconf 83' lang='lat' dir='ltr'>sententiae</span> <span class='ocrx_word' id='word_1_89' title='bbox 1499 1287 1726 1365; x_wconf 79' lang='lat' dir='ltr'>solemnitate</span> 
     </span>
     <span class='ocr_line' id='line_1_11' title="bbox 192 1385 1723 1487; baseline 0.001 -23"><span class='ocrx_word' id='word_1_90' title='bbox 192 1385 398 1483; x_wconf 53' lang='lat' dir='ltr'>derogatam</span> <span class='ocrx_word' id='word_1_91' title='bbox 422 1385 489 1461; x_wconf 83' lang='lat' dir='ltr'>esse</span> <span class='ocrx_word' id='word_1_92' title='bbox 516 1385 765 1482; x_wconf 86' lang='lat' dir='ltr'>persuadetur.</span> <span class='ocrx_word' id='word_1_93' title='bbox 793 1388 892 1465; x_wconf 88' lang='lat' dir='ltr'>Inter</span> <span class='ocrx_word' id='word_1_94' title='bbox 918 1387 1135 1464; x_wconf 82' lang='lat' dir='ltr'>adminicula</span> <span class='ocrx_word' id='word_1_95' title='bbox 1163 1394 1248 1467; x_wconf 88' lang='lat' dir='ltr'>verb</span> <span class='ocrx_word' id='word_1_96' title='bbox 1275 1390 1363 1463; x_wconf 89' lang='lat' dir='ltr'>illud</span> <span class='ocrx_word' id='word_1_97' title='bbox 1387 1388 1436 1464; x_wconf 91' lang='lat' dir='ltr'>est</span> <span class='ocrx_word' id='word_1_98' title='bbox 1473 1389 1723 1487; x_wconf 85' lang='lat' dir='ltr'>potilsnnum,</span> 
     </span>
     <span class='ocr_line' id='line_1_12' title="bbox 193 1483 1727 1589; baseline 0.005 -28"><span class='ocrx_word' id='word_1_99' title='bbox 193 1483 217 1561; x_wconf 79' lang='lat' dir='ltr'>fi</span> <span class='ocrx_word' id='word_1_100' title='bbox 239 1483 406 1584; x_wconf 76' lang='lat' dir='ltr'>Princeps</span> <span class='ocrx_word' id='word_1_101' title='bbox 432 1487 596 1562; x_wconf 87' lang='lat' dir='ltr'>nondum</span> <span class='ocrx_word' id='word_1_102' title='bbox 622 1489 763 1586; x_wconf 83' lang='lat' dir='ltr'>expleto</span> <span class='ocrx_word' id='word_1_103' title='bbox 790 1489 964 1565; x_wconf 84' lang='lat' dir='ltr'>decennio</span> <span class='ocrx_word' id='word_1_104' title='bbox 991 1491 1037 1563; x_wconf 88' lang='lat' dir='ltr'>ad</span> <span class='ocrx_word' id='word_1_105' title='bbox 1063 1493 1196 1588; x_wconf 87' lang='lat' dir='ltr'>primos</span> <span class='ocrx_word' id='word_1_106' title='bbox 1221 1490 1484 1567; x_wconf 84' lang='lat' dir='ltr'>consuetudinis</span> <span class='ocrx_word' id='word_1_107' title='bbox 1509 1493 1604 1568; x_wconf 72' lang='lat' dir='ltr'>adbuc</span> <span class='ocrx_word' id='word_1_108' title='bbox 1628 1489 1727 1589; x_wconf 74' lang='lat' dir='ltr'>signa</span> 
     </span>
     <span class='ocr_line' id='line_1_13' title="bbox 194 1586 1726 1688; baseline 0.002 -23"><span class='ocrx_word' id='word_1_109' title='bbox 194 1586 328 1665; x_wconf 82' lang='lat' dir='ltr'>dederit</span> <span class='ocrx_word' id='word_1_110' title='bbox 354 1590 549 1671; x_wconf 83' lang='lat' dir='ltr'>voluntaris</span> <span class='ocrx_word' id='word_1_111' title='bbox 569 1591 690 1686; x_wconf 87' lang='lat' dir='ltr'>legem</span> <span class='ocrx_word' id='word_1_112' title='bbox 714 1591 925 1683; x_wconf 87' lang='lat' dir='ltr'>revocandi,</span> <span class='ocrx_word' id='word_1_113' title='bbox 953 1612 1015 1665; x_wconf 83' lang='lat' dir='ltr'>aut</span> <span class='ocrx_word' id='word_1_114' title='bbox 1040 1593 1262 1688; x_wconf 82' lang='lat' dir='ltr'>legitimandi</span> <span class='ocrx_word' id='word_1_115' title='bbox 1286 1589 1599 1686; x_wconf 88' lang='lat' dir='ltr'>consuetudinem,</span> <span class='ocrx_word' id='word_1_116' title='bbox 1637 1618 1726 1668; x_wconf 87' lang='lat' dir='ltr'>nam</span> 
     </span>
     <span class='ocr_line' id='line_1_14' title="bbox 193 1688 1726 1793; baseline 0.005 -29"><span class='ocrx_word' id='word_1_117' title='bbox 193 1689 338 1792; x_wconf 65' lang='lat' dir='ltr'>quanvis</span> <span class='ocrx_word' id='word_1_118' title='bbox 363 1688 437 1763; x_wconf 75' lang='lat' dir='ltr'>hac</span> <span class='ocrx_word' id='word_1_119' title='bbox 464 1688 559 1788; x_wconf 74' lang='lat' dir='ltr'>signa</span> <span class='ocrx_word' id='word_1_120' title='bbox 586 1715 661 1764; x_wconf 93' lang='lat' dir='ltr'>non</span> <span class='ocrx_word' id='word_1_121' title='bbox 688 1712 765 1764; x_wconf 90' lang='lat' dir='ltr'>ram</span> <span class='ocrx_word' id='word_1_122' title='bbox 789 1690 960 1766; x_wconf 86' lang='lat' dir='ltr'>solemnia</span> <span class='ocrx_word' id='word_1_123' title='bbox 987 1690 1055 1768; x_wconf 88' lang='lat' dir='ltr'>stnt</span> <span class='ocrx_word' id='word_1_124' title='bbox 1080 1718 1190 1792; x_wconf 90' lang='lat' dir='ltr'>quam</span> <span class='ocrx_word' id='word_1_125' title='bbox 1216 1696 1262 1770; x_wconf 87' lang='lat' dir='ltr'>ad</span> <span class='ocrx_word' id='word_1_126' title='bbox 1287 1719 1420 1770; x_wconf 89' lang='lat' dir='ltr'>novam</span> <span class='ocrx_word' id='word_1_127' title='bbox 1443 1696 1559 1793; x_wconf 86' lang='lat' dir='ltr'>legem</span> <span class='ocrx_word' id='word_1_128' title='bbox 1586 1696 1640 1770; x_wconf 89' lang='lat' dir='ltr'>vel</span> <span class='ocrx_word' id='word_1_129' title='bbox 1677 1697 1726 1772; x_wconf 92' lang='lat' dir='ltr'>le·</span> 
     </span>
     <span class='ocr_line' id='line_1_15' title="bbox 196 1788 1728 1895; baseline 0.004 -31"><span class='ocrx_word' id='word_1_130' title='bbox 196 1791 244 1890; x_wconf 61' lang='grc' dir='ltr'>β</span> <span class='ocrx_word' id='word_1_131' title='bbox 265 1788 460 1888; x_wconf 76' lang='lat' dir='ltr'>expressam</span> <span class='ocrx_word' id='word_1_132' title='bbox 487 1791 752 1869; x_wconf 83' lang='lat' dir='ltr'>revocationem</span> <span class='ocrx_word' id='word_1_133' title='bbox 778 1793 1022 1891; x_wconf 79' lang='lat' dir='ltr'>requiruntur,</span> <span class='ocrx_word' id='word_1_134' title='bbox 1044 1793 1130 1869; x_wconf 86' lang='lat' dir='ltr'>satis</span> <span class='ocrx_word' id='word_1_135' title='bbox 1155 1792 1221 1869; x_wconf 85' lang='lat' dir='ltr'>elle</span> <span class='ocrx_word' id='word_1_136' title='bbox 1248 1793 1388 1893; x_wconf 73' lang='lat' dir='ltr'>possunt</span> <span class='ocrx_word' id='word_1_137' title='bbox 1413 1816 1526 1895; x_wconf 91' lang='lat' dir='ltr'>utper</span> <span class='ocrx_word' id='word_1_138' title='bbox 1550 1797 1728 1894; x_wconf 79' lang='lat' dir='ltr'>epikeiam</span> 
     </span>
     <span class='ocr_line' id='line_1_16' title="bbox 197 1891 1725 2068; baseline 0.005 -103"><span class='ocrx_word' id='word_1_139' title='bbox 197 1891 321 2068; x_wconf 57' lang='lat' dir='ltr'>‘ardioep</span> <span class='ocrx_word' id='word_1_140' title='bbox 344 1916 419 1968; x_wconf 91' lang='lat' dir='ltr'>non</span> <span class='ocrx_word' id='word_1_141' title='bbox 441 1891 623 2010; x_wconf 79' lang='lat' dir='ltr'>obligent:</span> <span class='ocrx_word' id='word_1_142' title='bbox 648 1893 745 1991; x_wconf 86' lang='lat' dir='ltr'>quod</span> <span class='ocrx_word' id='word_1_143' title='bbox 765 1893 940 1986; x_wconf 76' lang='lat' dir='ltr'>iudicium</span> <span class='ocrx_word' id='word_1_144' title='bbox 963 1891 1232 1997; x_wconf 74' lang='lat' dir='ltr'>quodammodo</span> <span class='ocrx_word' id='word_1_145' title='bbox 1255 1896 1506 1976; x_wconf 86' lang='lat' dir='ltr'>solemnizatur</span> <span class='ocrx_word' id='word_1_146' title='bbox 1531 1923 1591 1997; x_wconf 90' lang='lat' dir='ltr'>per</span> <span class='ocrx_word' id='word_1_147' title='bbox 1611 1896 1725 1997; x_wconf 90' lang='lat' dir='ltr'>dupli·</span> 
     </span>
     <span class='ocr_line' id='line_1_17' title="bbox 200 1998 1176 2074; baseline -0.006 -4"><span class='ocrx_word' id='word_1_148' title='bbox 200 2016 271 2070; x_wconf 84' lang='lat' dir='ltr'>vem</span> <span class='ocrx_word' id='word_1_149' title='bbox 312 2013 534 2074; x_wconf 81' lang='lat' dir='ltr'>antennam..</span> <span class='ocrx_word' id='word_1_150' title='bbox 1156 1998 1176 2031; x_wconf 34' lang='grc' dir='ltr'><strong>ι</strong></span> 
     </span>
    </p>

    <p class='ocr_par' dir='ltr' id='par_1_6' title="bbox 202 2095 1728 3217">
     <span class='ocr_line' id='line_1_18' title="bbox 289 2095 1727 2201; baseline 0.005 -31"><span class='ocrx_word' id='word_1_151' title='bbox 289 2096 352 2170; x_wconf 85' lang='lat' dir='ltr'>Ad</span> <span class='ocrx_word' id='word_1_152' title='bbox 378 2118 414 2169; x_wconf 88' lang='lat'>2.</span> <span class='ocrx_word' id='word_1_153' title='bbox 441 2095 537 2194; x_wconf 84' lang='lat' dir='ltr'>prob.</span> <span class='ocrx_word' id='word_1_154' title='bbox 564 2119 608 2174; x_wconf 78' lang='lat' dir='ltr'>ex</span> <span class='ocrx_word' id='word_1_155' title='bbox 632 2098 706 2188; x_wconf 80' lang='lat' dir='ltr'>iure</span> <span class='ocrx_word' id='word_1_156' title='bbox 726 2095 891 2178; x_wconf 69' lang='lat' dir='ltr'>=Caesarco</span> <span class='ocrx_word' id='word_1_157' title='bbox 917 2098 1066 2201; x_wconf 86' lang='lat' dir='ltr'>petitam</span> <span class='ocrx_word' id='word_1_158' title='bbox 1093 2155 1104 2193; x_wconf 91' lang='lat'>,</span> <span class='ocrx_word' id='word_1_159' title='bbox 1131 2101 1177 2176; x_wconf 90' lang='lat' dir='ltr'>ibi</span> <span class='ocrx_word' id='word_1_160' title='bbox 1199 2121 1346 2180; x_wconf 85' lang='lat' dir='ltr'>tantum</span> <span class='ocrx_word' id='word_1_161' title='bbox 1369 2102 1524 2197; x_wconf 85' lang='lat' dir='ltr'>dicimr,</span> <span class='ocrx_word' id='word_1_162' title='bbox 1540 2102 1727 2200; x_wconf 66' lang='lat' dir='ltr'>explorem</span> 
     </span>
     <span class='ocr_line' id='line_1_19' title="bbox 202 2194 1726 2304; baseline 0.003 -29"><span class='ocrx_word' id='word_1_163' title='bbox 202 2196 273 2275; x_wconf 76' lang='lat' dir='ltr'>dvm</span> <span class='ocrx_word' id='word_1_164' title='bbox 298 2194 386 2291; x_wconf 84' lang='lat' dir='ltr'>elle,</span> <span class='ocrx_word' id='word_1_165' title='bbox 412 2197 501 2275; x_wconf 91' lang='lat' dir='ltr'>dum</span> <span class='ocrx_word' id='word_1_166' title='bbox 526 2201 642 2298; x_wconf 85' lang='lat' dir='ltr'>agitur</span> <span class='ocrx_word' id='word_1_167' title='bbox 666 2202 712 2276; x_wconf 92' lang='lat' dir='ltr'>de</span> <span class='ocrx_word' id='word_1_168' title='bbox 727 2201 996 2287; x_wconf 81' lang='lat' dir='ltr'>-mnsuerudinis</span> <span class='ocrx_word' id='word_1_169' title='bbox 1021 2201 1215 2297; x_wconf 89' lang='lat' dir='ltr'>firmitate,</span> <span class='ocrx_word' id='word_1_170' title='bbox 1233 2205 1325 2304; x_wconf 78' lang='lat' dir='ltr'>quid</span> <span class='ocrx_word' id='word_1_171' title='bbox 1348 2204 1510 2281; x_wconf 89' lang='lat' dir='ltr'>obtineat</span> <span class='ocrx_word' id='word_1_172' title='bbox 1535 2206 1574 2280; x_wconf 86' lang='lat' dir='ltr'>in</span> <span class='ocrx_word' id='word_1_173' title='bbox 1611 2200 1726 2296; x_wconf 83' lang='lat' dir='ltr'>loro,</span> 
     </span>
     <span class='ocr_line' id='line_1_20' title="bbox 203 2297 1722 2404; baseline -0.002 -28"><span class='ocrx_word' id='word_1_174' title='bbox 203 2321 277 2376; x_wconf 82' lang='lat' dir='ltr'>mm</span> <span class='ocrx_word' id='word_1_175' title='bbox 295 2297 458 2400; x_wconf 78' lang='lat' dir='ltr'>prosello</span> <span class='ocrx_word' id='word_1_176' title='bbox 483 2301 519 2376; x_wconf 91' lang='lat' dir='ltr'>id</span> <span class='ocrx_word' id='word_1_177' title='bbox 544 2305 701 2390; x_wconf 88' lang='lat' dir='ltr'>multum</span> <span class='ocrx_word' id='word_1_178' title='bbox 726 2307 819 2393; x_wconf 86' lang='lat' dir='ltr'>valet</span> <span class='ocrx_word' id='word_1_179' title='bbox 846 2305 892 2381; x_wconf 90' lang='lat' dir='ltr'>ad</span> <span class='ocrx_word' id='word_1_180' title='bbox 918 2305 1186 2404; x_wconf 82' lang='lat' dir='ltr'>probationem.</span> <span class='ocrx_word' id='word_1_181' title='bbox 1211 2305 1270 2383; x_wconf 77' lang='lat' dir='ltr'>Aa</span> <span class='ocrx_word' id='word_1_182' title='bbox 1297 2325 1358 2404; x_wconf 79' lang='lat'>3.:</span> <span class='ocrx_word' id='word_1_183' title='bbox 1384 2305 1431 2381; x_wconf 91' lang='lat' dir='ltr'>ibi</span> <span class='ocrx_word' id='word_1_184' title='bbox 1456 2331 1532 2380; x_wconf 89' lang='lat' dir='ltr'>non</span> <span class='ocrx_word' id='word_1_185' title='bbox 1568 2302 1618 2380; x_wconf 86' lang='lat' dir='ltr'>est</span> <span class='ocrx_word' id='word_1_186' title='bbox 1651 2301 1722 2379; x_wconf 86' lang='lat' dir='ltr'>ser.</span> 
     </span>
     <span class='ocr_line' id='line_1_21' title="bbox 203 2401 1724 2500; baseline 0.002 -23"><span class='ocrx_word' id='word_1_187' title='bbox 203 2422 253 2477; x_wconf 85' lang='lat' dir='ltr'>mo</span> <span class='ocrx_word' id='word_1_188' title='bbox 274 2401 320 2477; x_wconf 91' lang='lat' dir='ltr'>de</span> <span class='ocrx_word' id='word_1_189' title='bbox 336 2404 466 2500; x_wconf 79' lang='lat' dir='ltr'>·quavia</span> <span class='ocrx_word' id='word_1_190' title='bbox 480 2402 742 2482; x_wconf 75' lang='lat' dir='ltr'>constretudine</span> <span class='ocrx_word' id='word_1_191' title='bbox 767 2459 779 2497; x_wconf 94' lang='lat'>,</span> <span class='ocrx_word' id='word_1_192' title='bbox 804 2402 863 2483; x_wconf 86' lang='lat' dir='ltr'>sed</span> <span class='ocrx_word' id='word_1_193' title='bbox 887 2406 932 2482; x_wconf 90' lang='lat' dir='ltr'>de</span> <span class='ocrx_word' id='word_1_194' title='bbox 956 2409 1198 2484; x_wconf 85' lang='lat' dir='ltr'>contrariante</span> <span class='ocrx_word' id='word_1_195' title='bbox 1222 2408 1370 2481; x_wconf 80' lang='lat' dir='ltr'>decretis</span> <span class='ocrx_word' id='word_1_196' title='bbox 1394 2405 1550 2482; x_wconf 88' lang='lat' dir='ltr'>Concilii</span> <span class='ocrx_word' id='word_1_197' title='bbox 1572 2404 1724 2482; x_wconf 80' lang='lat' dir='ltr'>Triden-</span> 
     </span>
     <span class='ocr_line' id='line_1_22' title="bbox 203 2501 1723 2606; baseline 0 -25"><span class='ocrx_word' id='word_1_198' title='bbox 203 2501 279 2598; x_wconf 81' lang='grc' dir='ltr'><strong>ιιι,</strong></span> <span class='ocrx_word' id='word_1_199' title='bbox 295 2505 359 2580; x_wconf 86' lang='lat' dir='ltr'>vel</span> <span class='ocrx_word' id='word_1_200' title='bbox 383 2507 494 2582; x_wconf 85' lang='lat' dir='ltr'>etiam</span> <span class='ocrx_word' id='word_1_201' title='bbox 520 2507 595 2582; x_wconf 80' lang='lat' dir='ltr'>aliie</span> <span class='ocrx_word' id='word_1_202' title='bbox 621 2508 658 2582; x_wconf 91' lang='lat' dir='ltr'>in</span> <span class='ocrx_word' id='word_1_203' title='bbox 682 2530 725 2582; x_wconf 87' lang='lat' dir='ltr'>ea</span> <span class='ocrx_word' id='word_1_204' title='bbox 751 2505 1002 2586; x_wconf 75' lang='lat' dir='ltr'>constitutore</span> <span class='ocrx_word' id='word_1_205' title='bbox 1026 2505 1201 2585; x_wconf 84' lang='lat' dir='ltr'>definitis:</span> <span class='ocrx_word' id='word_1_206' title='bbox 1227 2531 1339 2606; x_wconf 81' lang='lat' dir='ltr'>neque</span> <span class='ocrx_word' id='word_1_207' title='bbox 1364 2506 1412 2582; x_wconf 89' lang='lat' dir='ltr'>ibi</span> <span class='ocrx_word' id='word_1_208' title='bbox 1431 2508 1622 2606; x_wconf 78' lang='lat' dir='ltr'>requiritur</span> <span class='ocrx_word' id='word_1_209' title='bbox 1643 2526 1723 2583; x_wconf 89' lang='lat' dir='ltr'>tan·</span> 
     </span>
     <span class='ocr_line' id='line_1_23' title="bbox 205 2603 1721 2709; baseline 0.002 -30"><span class='ocrx_word' id='word_1_210' title='bbox 205 2603 456 2682; x_wconf 86' lang='lat' dir='ltr'>tasolemnitas</span> <span class='ocrx_word' id='word_1_211' title='bbox 481 2661 493 2698; x_wconf 95' lang='lat'>,</span> <span class='ocrx_word' id='word_1_212' title='bbox 518 2626 559 2685; x_wconf 93' lang='lat' dir='ltr'>ut</span> <span class='ocrx_word' id='word_1_213' title='bbox 583 2609 744 2705; x_wconf 85' lang='lat' dir='ltr'>legitima</span> <span class='ocrx_word' id='word_1_214' title='bbox 769 2613 806 2687; x_wconf 81' lang='lat' dir='ltr'>dt</span> <span class='ocrx_word' id='word_1_215' title='bbox 832 2607 1029 2709; x_wconf 68' lang='lat' dir='ltr'>proscripta</span> <span class='ocrx_word' id='word_1_216' title='bbox 1055 2608 1096 2687; x_wconf 89' lang='lat' dir='ltr'>srt</span> <span class='ocrx_word' id='word_1_217' title='bbox 1122 2608 1362 2701; x_wconf 88' lang='lat' dir='ltr'>consuetudo,</span> <span class='ocrx_word' id='word_1_218' title='bbox 1387 2607 1447 2684; x_wconf 89' lang='lat' dir='ltr'>sed</span> <span class='ocrx_word' id='word_1_219' title='bbox 1473 2629 1511 2684; x_wconf 91' lang='lat' dir='ltr'>ut</span> <span class='ocrx_word' id='word_1_220' title='bbox 1538 2608 1630 2683; x_wconf 81' lang='lat' dir='ltr'>illius</span> <span class='ocrx_word' id='word_1_221' title='bbox 1656 2609 1721 2683; x_wconf 90' lang='lat' dir='ltr'>vir·</span> 
     </span>
     <span class='ocr_line' id='line_1_24' title="bbox 206 2706 1728 2809; baseline 0 -26"><span class='ocrx_word' id='word_1_222' title='bbox 206 2721 268 2783; x_wconf 84' lang='lat' dir='ltr'>nte</span> <span class='ocrx_word' id='word_1_223' title='bbox 291 2707 503 2805; x_wconf 89' lang='lat' dir='ltr'>impediamr</span> <span class='ocrx_word' id='word_1_224' title='bbox 531 2729 592 2784; x_wconf 92' lang='lat' dir='ltr'>aut</span> <span class='ocrx_word' id='word_1_225' title='bbox 618 2706 845 2807; x_wconf 83' lang='lat' dir='ltr'>suspendatur</span> <span class='ocrx_word' id='word_1_226' title='bbox 877 2712 1104 2788; x_wconf 82' lang='lat' dir='ltr'>decretorum</span> <span class='ocrx_word' id='word_1_227' title='bbox 1127 2712 1311 2788; x_wconf 85' lang='lat' dir='ltr'>executio.</span> <span class='ocrx_word' id='word_1_228' title='bbox 1348 2708 1456 2788; x_wconf 85' lang='lat' dir='ltr'>Unde</span> <span class='ocrx_word' id='word_1_229' title='bbox 1482 2710 1630 2809; x_wconf 74' lang='lat' dir='ltr'>quanvis</span> <span class='ocrx_word' id='word_1_230' title='bbox 1663 2708 1728 2783; x_wconf 88' lang='lat' dir='ltr'>de·</span> 
     </span>
     <span class='ocr_line' id='line_1_25' title="bbox 209 2806 1726 2909; baseline 0.001 -26"><span class='ocrx_word' id='word_1_231' title='bbox 209 2822 271 2900; x_wconf 73' lang='lat' dir='ltr'>tr,</span> <span class='ocrx_word' id='word_1_232' title='bbox 295 2812 440 2886; x_wconf 85' lang='lat' dir='ltr'>extendi</span> <span class='ocrx_word' id='word_1_233' title='bbox 465 2806 730 2909; x_wconf 68' lang='lat' dir='ltr'>dispositionem</span> <span class='ocrx_word' id='word_1_234' title='bbox 749 2813 857 2888; x_wconf 79' lang='lat' dir='ltr'>illam</span> <span class='ocrx_word' id='word_1_235' title='bbox 878 2811 1086 2892; x_wconf 74' lang='lat' dir='ltr'>innocentii</span> <span class='ocrx_word' id='word_1_236' title='bbox 1106 2814 1158 2887; x_wconf 90' lang='lat' dir='ltr'>ad</span> <span class='ocrx_word' id='word_1_237' title='bbox 1182 2812 1474 2890; x_wconf 83' lang='lat' dir='ltr'>consuetudinem</span> <span class='ocrx_word' id='word_1_238' title='bbox 1498 2809 1656 2895; x_wconf 82' lang='lat' dir='ltr'>nostram</span> <span class='ocrx_word' id='word_1_239' title='bbox 1680 2812 1726 2885; x_wconf 88' lang='lat' dir='ltr'>de</span> 
     </span>
     <span class='ocr_line' id='line_1_26' title="bbox 211 2904 1724 3013; baseline 0.002 -27"><span class='ocrx_word' id='word_1_240' title='bbox 211 2904 443 3006; x_wconf 73' lang='lat' dir='ltr'>attinentia,</span> <span class='ocrx_word' id='word_1_241' title='bbox 481 2931 623 2991; x_wconf 89' lang='lat' dir='ltr'>tantum</span> <span class='ocrx_word' id='word_1_242' title='bbox 658 2911 807 2989; x_wconf 86' lang='lat' dir='ltr'>insertur</span> <span class='ocrx_word' id='word_1_243' title='bbox 837 2915 951 2990; x_wconf 65' lang='lat' dir='ltr'>,didas</span> <span class='ocrx_word' id='word_1_244' title='bbox 984 2914 1212 3012; x_wconf 84' lang='lat' dir='ltr'>probationes</span> <span class='ocrx_word' id='word_1_245' title='bbox 1245 2914 1373 3012; x_wconf 85' lang='lat' dir='ltr'>requiri</span> <span class='ocrx_word' id='word_1_246' title='bbox 1408 2913 1555 3013; x_wconf 82' lang='lat' dir='ltr'>quando</span> <span class='ocrx_word' id='word_1_247' title='bbox 1588 2913 1724 3011; x_wconf 76' lang='lat' dir='ltr'>praeuti</span> 
     </span>
     <span class='ocr_line' id='line_1_27' title="bbox 208 3005 1723 3114; baseline 0.003 -28"><span class='ocrx_word' id='word_1_248' title='bbox 208 3005 419 3088; x_wconf 83' lang='lat' dir='ltr'>decernerem</span> <span class='ocrx_word' id='word_1_249' title='bbox 444 3014 537 3090; x_wconf 83' lang='lat' dir='ltr'>illius</span> <span class='ocrx_word' id='word_1_250' title='bbox 562 3014 853 3114; x_wconf 83' lang='lat' dir='ltr'>abrogationem,</span> <span class='ocrx_word' id='word_1_251' title='bbox 879 3018 935 3092; x_wconf 84' lang='lat' dir='ltr'>vel</span> <span class='ocrx_word' id='word_1_252' title='bbox 944 3018 1026 3108; x_wconf 82' lang='lat' dir='ltr'>juris</span> <span class='ocrx_word' id='word_1_253' title='bbox 1038 3017 1239 3092; x_wconf 80' lang='lat' dir='ltr'>communic</span> <span class='ocrx_word' id='word_1_254' title='bbox 1262 3017 1512 3094; x_wconf 82' lang='lat' dir='ltr'>executionem</span> <span class='ocrx_word' id='word_1_255' title='bbox 1535 3033 1723 3114; x_wconf 84' lang='lat' dir='ltr'>urgerent,</span> 
     </span>
     <span class='ocr_line' id='line_1_28' title="bbox 207 3115 1097 3217; baseline 0.001 -26"><span class='ocrx_word' id='word_1_256' title='bbox 207 3130 265 3191; x_wconf 74' lang='lat' dir='ltr'>nvn</span> <span class='ocrx_word' id='word_1_257' title='bbox 287 3134 328 3190; x_wconf 93' lang='lat' dir='ltr'>ut</span> <span class='ocrx_word' id='word_1_258' title='bbox 353 3118 468 3193; x_wconf 88' lang='lat' dir='ltr'>valere</span> <span class='ocrx_word' id='word_1_259' title='bbox 492 3115 628 3192; x_wconf 88' lang='lat' dir='ltr'>desmat</span> <span class='ocrx_word' id='word_1_260' title='bbox 653 3120 810 3217; x_wconf 82' lang='lat' dir='ltr'>quandlu</span> <span class='ocrx_word' id='word_1_261' title='bbox 834 3119 950 3194; x_wconf 83' lang='lat' dir='ltr'>nullus</span> <span class='ocrx_word' id='word_1_262' title='bbox 973 3138 1097 3217; x_wconf 89' lang='lat' dir='ltr'>urget.</span> 
     </span>
    </p>

    <p class='ocr_par' dir='ltr' id='par_1_7' title="bbox 203 3213 1728 4032">
     <span class='ocr_line' id='line_1_29' title="bbox 289 3213 1726 3318; baseline -0.001 -26"><span class='ocrx_word' id='word_1_263' title='bbox 289 3213 407 3306; x_wconf 85' lang='lat' dir='ltr'>Obiic.</span> <span class='ocrx_word' id='word_1_264' title='bbox 434 3243 469 3294; x_wconf 88' lang='lat'>2.</span> <span class='ocrx_word' id='word_1_265' title='bbox 495 3219 619 3296; x_wconf 73' lang='lat' dir='ltr'>Edicta</span> <span class='ocrx_word' id='word_1_266' title='bbox 644 3222 807 3296; x_wconf 77' lang='lat' dir='ltr'>cruciatae</span> <span class='ocrx_word' id='word_1_267' title='bbox 832 3222 999 3318; x_wconf 75' lang='lat' dir='ltr'>pradidae</span> <span class='ocrx_word' id='word_1_268' title='bbox 1023 3217 1270 3296; x_wconf 87' lang='lat' dir='ltr'>consuetudini</span> <span class='ocrx_word' id='word_1_269' title='bbox 1303 3221 1519 3295; x_wconf 84' lang='lat' dir='ltr'>contraria.</span> <span class='ocrx_word' id='word_1_270' title='bbox 1559 3216 1618 3293; x_wconf 85' lang='lat' dir='ltr'>Ad</span> <span class='ocrx_word' id='word_1_271' title='bbox 1650 3242 1726 3291; x_wconf 83' lang='lat' dir='ltr'>nra·</span> 
     </span>
     <span class='ocr_line' id='line_1_30' title="bbox 208 3315 1724 3421; baseline -0.004 -26"><span class='ocrx_word' id='word_1_272' title='bbox 208 3333 278 3395; x_wconf 74' lang='lat' dir='ltr'>mm</span> <span class='ocrx_word' id='word_1_273' title='bbox 301 3315 352 3394; x_wconf 86' lang='lat' dir='ltr'>est</span> <span class='ocrx_word' id='word_1_274' title='bbox 376 3320 643 3416; x_wconf 74' lang='lat' dir='ltr'>publicarunt</span> <span class='ocrx_word' id='word_1_275' title='bbox 678 3320 905 3421; x_wconf 85' lang='lat' dir='ltr'>subdelegato</span> <span class='ocrx_word' id='word_1_276' title='bbox 938 3319 1093 3399; x_wconf 84' lang='lat' dir='ltr'>Platensr</span> <span class='ocrx_word' id='word_1_277' title='bbox 1127 3345 1164 3414; x_wconf 90' lang='lat'>9.</span> <span class='ocrx_word' id='word_1_278' title='bbox 1201 3319 1316 3417; x_wconf 83' lang='lat' dir='ltr'>April.</span> <span class='ocrx_word' id='word_1_279' title='bbox 1356 3341 1464 3416; x_wconf 82' lang='lat'>1721.</span> <span class='ocrx_word' id='word_1_280' title='bbox 1501 3324 1611 3394; x_wconf 84' lang='lat' dir='ltr'>Encar</span> <span class='ocrx_word' id='word_1_281' title='bbox 1633 3345 1724 3391; x_wconf 75' lang='lat' dir='ltr'>amor</span> 
     </span>
     <span class='ocr_line' id='line_1_31' title="bbox 207 3344 1727 3521; baseline -0.001 -27"><span class='ocrx_word' id='word_1_282' title='bbox 207 3437 418 3513; x_wconf 72' lang='lat' dir='ltr'>gravemcnte</span> <span class='ocrx_word' id='word_1_283' title='bbox 435 3426 495 3500; x_wconf 88' lang='lat' dir='ltr'>las</span> <span class='ocrx_word' id='word_1_284' title='bbox 520 3425 784 3505; x_wconf 78' lang='lat' dir='ltr'>ooncienoiasd</span> <span class='ocrx_word' id='word_1_285' title='bbox 813 3425 899 3500; x_wconf 88' lang='lat' dir='ltr'>rodo</span> <span class='ocrx_word' id='word_1_286' title='bbox 922 3426 957 3499; x_wconf 88' lang='lat' dir='ltr'>el</span> <span class='ocrx_word' id='word_1_287' title='bbox 976 3422 1101 3499; x_wconf 84' lang='lat' dir='ltr'>ellado</span> <span class='ocrx_word' id='word_1_288' title='bbox 1131 3419 1387 3515; x_wconf 77' lang='lat' dir='ltr'>ecclesastico,</span> <span class='ocrx_word' id='word_1_289' title='bbox 1419 3443 1571 3521; x_wconf 77' lang='lat' dir='ltr'>peraque</span> <span class='ocrx_word' id='word_1_290' title='bbox 1604 3344 1640 3495; x_wconf 69' lang='lat' dir='ltr'>se</span> <span class='ocrx_word' id='word_1_291' title='bbox 1672 3413 1727 3492; x_wconf 82' lang='lat' dir='ltr'>sa-</span> 
     </span>
     <span class='ocr_line' id='line_1_32' title="bbox 208 3518 1728 3624; baseline 0.002 -28"><span class='ocrx_word' id='word_1_292' title='bbox 208 3539 261 3616; x_wconf 82' lang='lat' dir='ltr'>que</span> <span class='ocrx_word' id='word_1_293' title='bbox 283 3520 367 3598; x_wconf 90' lang='lat' dir='ltr'>bula</span> <span class='ocrx_word' id='word_1_294' title='bbox 392 3524 437 3600; x_wconf 92' lang='lat' dir='ltr'>de</span> <span class='ocrx_word' id='word_1_295' title='bbox 462 3527 657 3604; x_wconf 75' lang='lat' dir='ltr'>lanicinios</span> <span class='ocrx_word' id='word_1_296' title='bbox 683 3528 703 3601; x_wconf 77' lang='lat' dir='ltr'>d</span> <span class='ocrx_word' id='word_1_297' title='bbox 729 3547 829 3624; x_wconf 87' lang='lat' dir='ltr'>parte</span> <span class='ocrx_word' id='word_1_298' title='bbox 857 3581 866 3598; x_wconf 95' lang='lat'>.</span> <span class='ocrx_word' id='word_1_299' title='bbox 903 3526 938 3601; x_wconf 92' lang='lat' dir='ltr'>Y</span> <span class='ocrx_word' id='word_1_300' title='bbox 977 3527 1225 3618; x_wconf 83' lang='lat' dir='ltr'>advertimus,</span> <span class='ocrx_word' id='word_1_301' title='bbox 1261 3548 1328 3622; x_wconf 88' lang='lat' dir='ltr'>que</span> <span class='ocrx_word' id='word_1_302' title='bbox 1351 3548 1402 3600; x_wconf 86' lang='lat' dir='ltr'>no</span> <span class='ocrx_word' id='word_1_303' title='bbox 1438 3525 1487 3599; x_wconf 84' lang='lat' dir='ltr'>les</span> <span class='ocrx_word' id='word_1_304' title='bbox 1522 3518 1728 3621; x_wconf 82' lang='lat' dir='ltr'>aproveclra</span> 
     </span>
     <span class='ocr_line' id='line_1_33' title="bbox 207 3621 1725 3726; baseline -0.001 -28"><span class='ocrx_word' id='word_1_305' title='bbox 207 3639 242 3698; x_wconf 74' lang='lat' dir='ltr'>tn</span> <span class='ocrx_word' id='word_1_306' title='bbox 258 3639 398 3722; x_wconf 81' lang='lat' dir='ltr'>quanta</span> <span class='ocrx_word' id='word_1_307' title='bbox 422 3627 542 3705; x_wconf 68' lang='lat' dir='ltr'>testa</span> <span class='ocrx_word' id='word_1_308' title='bbox 564 3631 603 3704; x_wconf 87' lang='lat' dir='ltr'>la</span> <span class='ocrx_word' id='word_1_309' title='bbox 619 3628 710 3703; x_wconf 81' lang='lat' dir='ltr'>bula</span> <span class='ocrx_word' id='word_1_310' title='bbox 729 3652 869 3704; x_wconf 79' lang='lat' dir='ltr'>eomun</span> <span class='ocrx_word' id='word_1_311' title='bbox 892 3653 997 3726; x_wconf 87' lang='lat' dir='ltr'>,por</span> <span class='ocrx_word' id='word_1_312' title='bbox 1021 3625 1110 3704; x_wconf 87' lang='lat' dir='ltr'>cstar</span> <span class='ocrx_word' id='word_1_313' title='bbox 1129 3625 1199 3702; x_wconf 83' lang='lat' dir='ltr'>alli</span> <span class='ocrx_word' id='word_1_314' title='bbox 1223 3625 1411 3702; x_wconf 86' lang='lat' dir='ltr'>declarado</span> <span class='ocrx_word' id='word_1_315' title='bbox 1423 3621 1536 3723; x_wconf 84' lang='lat' dir='ltr'>porsu</span> <span class='ocrx_word' id='word_1_316' title='bbox 1560 3621 1725 3699; x_wconf 82' lang='lat' dir='ltr'>santidad</span> 
     </span>
     <span class='ocr_line' id='line_1_34' title="bbox 203 3722 1727 3834; baseline 0.001 -35"><span class='ocrx_word' id='word_1_317' title='bbox 203 3723 398 3823; x_wconf 73' lang='lat' dir='ltr'>torigiendo</span> <span class='ocrx_word' id='word_1_318' title='bbox 421 3755 446 3823; x_wconf 79' lang='lat' dir='ltr'>v</span> <span class='ocrx_word' id='word_1_319' title='bbox 471 3729 692 3826; x_wconf 85' lang='lat' dir='ltr'>reprobando</span> <span class='ocrx_word' id='word_1_320' title='bbox 728 3730 932 3829; x_wconf 88' lang='lat' dir='ltr'>qualquiera</span> <span class='ocrx_word' id='word_1_321' title='bbox 968 3729 1117 3826; x_wconf 84' lang='lat' dir='ltr'>opinion</span> <span class='ocrx_word' id='word_1_322' title='bbox 1140 3752 1217 3825; x_wconf 84' lang='lat' dir='ltr'>qne.</span> <span class='ocrx_word' id='word_1_323' title='bbox 1244 3723 1280 3802; x_wconf 95' lang='lat' dir='ltr'>se</span> <span class='ocrx_word' id='word_1_324' title='bbox 1308 3722 1453 3802; x_wconf 73' lang='lat' dir='ltr'>lralldre</span> <span class='ocrx_word' id='word_1_325' title='bbox 1489 3723 1645 3834; x_wconf 80' lang='lat' dir='ltr'>fundada</span> <span class='ocrx_word' id='word_1_326' title='bbox 1681 3749 1727 3800; x_wconf 90' lang='lat' dir='ltr'>en</span> 
     </span>
     <span class='ocr_line' id='line_1_35' title="bbox 204 3822 1723 3930; baseline -0.001 -26"><span class='ocrx_word' id='word_1_327' title='bbox 204 3822 388 3923; x_wconf 70' lang='lat' dir='ltr'>tosturubre</span> <span class='ocrx_word' id='word_1_328' title='bbox 414 3884 426 3923; x_wconf 95' lang='lat'>,</span> <span class='ocrx_word' id='word_1_329' title='bbox 463 3857 485 3925; x_wconf 86' lang='lat' dir='ltr'>y</span> <span class='ocrx_word' id='word_1_330' title='bbox 520 3856 588 3930; x_wconf 92' lang='lat' dir='ltr'>que</span> <span class='ocrx_word' id='word_1_331' title='bbox 613 3835 780 3907; x_wconf 89' lang='lat' dir='ltr'>incurran</span> <span class='ocrx_word' id='word_1_332' title='bbox 807 3833 910 3930; x_wconf 87' lang='lat' dir='ltr'>culpa</span> <span class='ocrx_word' id='word_1_333' title='bbox 935 3832 1067 3907; x_wconf 89' lang='lat' dir='ltr'>mortal</span> <span class='ocrx_word' id='word_1_334' title='bbox 1092 3830 1146 3904; x_wconf 87' lang='lat' dir='ltr'>los</span> <span class='ocrx_word' id='word_1_335' title='bbox 1169 3853 1237 3926; x_wconf 90' lang='lat' dir='ltr'>que</span> <span class='ocrx_word' id='word_1_336' title='bbox 1257 3824 1316 3903; x_wconf 88' lang='lat' dir='ltr'>srn</span> <span class='ocrx_word' id='word_1_337' title='bbox 1341 3826 1450 3900; x_wconf 87' lang='lat' dir='ltr'>baver</span> <span class='ocrx_word' id='word_1_338' title='bbox 1477 3829 1627 3904; x_wconf 79' lang='lat' dir='ltr'>tomedo</span> <span class='ocrx_word' id='word_1_339' title='bbox 1650 3823 1723 3902; x_wconf 78' lang='lat' dir='ltr'>nu-</span> 
     </span>
     <span class='ocr_line' id='line_1_36' title="bbox 204 3922 1664 4032; baseline 0.001 -30"><span class='ocrx_word' id='word_1_340' title='bbox 204 3922 437 4006; x_wconf 76' lang='lat' dir='ltr'>laoor&#39;nieren</span> <span class='ocrx_word' id='word_1_341' title='bbox 461 3957 506 4007; x_wconf 91' lang='lat' dir='ltr'>en</span> <span class='ocrx_word' id='word_1_342' title='bbox 540 3935 594 4007; x_wconf 88' lang='lat' dir='ltr'>los</span> <span class='ocrx_word' id='word_1_343' title='bbox 630 3934 779 4032; x_wconf 83' lang='lat' dir='ltr'>ticmpos</span> <span class='ocrx_word' id='word_1_344' title='bbox 814 3931 1016 4030; x_wconf 81' lang='lat' dir='ltr'>prohibidos</span> <span class='ocrx_word' id='word_1_345' title='bbox 1042 3934 1127 4007; x_wconf 88' lang='lat' dir='ltr'>tales</span> <span class='ocrx_word' id='word_1_346' title='bbox 1152 3927 1467 4004; x_wconf 86' lang='lat' dir='ltr'>mantcnimientos</span> <span class='ocrx_word' id='word_1_347' title='bbox 1492 3925 1664 4003; x_wconf 81' lang='lat' dir='ltr'>vedados.</span> 
     </span>
    </p>

    <p class='ocr_par' dir='ltr' id='par_1_8' title="bbox 197 4024 1728 4332">
     <span class='ocr_line' id='line_1_37' title="bbox 291 4024 1724 4133; baseline -0.007 -26"><span class='ocrx_word' id='word_1_348' title='bbox 291 4029 542 4110; x_wconf 86' lang='lat' dir='ltr'>Confinnatur</span> <span class='ocrx_word' id='word_1_349' title='bbox 573 4059 603 4109; x_wconf 92' lang='grc' dir='ltr'>ι.</span> <span class='ocrx_word' id='word_1_350' title='bbox 638 4059 682 4110; x_wconf 87' lang='lat' dir='ltr'>ex</span> <span class='ocrx_word' id='word_1_351' title='bbox 709 4036 804 4109; x_wconf 87' lang='lat' dir='ltr'>bulla</span> <span class='ocrx_word' id='word_1_352' title='bbox 842 4033 912 4131; x_wconf 90' lang='lat' dir='ltr'>ipsa</span> <span class='ocrx_word' id='word_1_353' title='bbox 949 4034 1121 4133; x_wconf 86' lang='lat' dir='ltr'>vulgari,</span> <span class='ocrx_word' id='word_1_354' title='bbox 1158 4030 1215 4105; x_wconf 92' lang='lat' dir='ltr'>ubi</span> <span class='ocrx_word' id='word_1_355' title='bbox 1254 4030 1383 4104; x_wconf 90' lang='lat' dir='ltr'>dicitur</span> <span class='ocrx_word' id='word_1_356' title='bbox 1402 4054 1419 4101; x_wconf 88' lang='lat'>.:</span> <span class='ocrx_word' id='word_1_357' title='bbox 1458 4035 1523 4102; x_wconf 81' lang='lat' dir='ltr'>Por</span> <span class='ocrx_word' id='word_1_358' title='bbox 1548 4024 1724 4100; x_wconf 78' lang='lat' dir='ltr'>autoridad</span> 
     </span>
     <span class='ocr_line' id='line_1_38' title="bbox 197 4125 1728 4332; baseline -0.001 -24"><span class='ocrx_word' id='word_1_359' title='bbox 197 4129 1104 4332; x_wconf 58' lang='lat' dir='ltr'>ffitld.llt”dtl23.l⁰l⁸⁵.l.lllttlsss</span> <span class='ocrx_word' id='word_1_360' title='bbox 1124 4125 1728 4310; x_wconf 60' lang='lat' dir='ltr'>llll.tl.·l¹¹l“3{l²tl².‘l¹lt</span> 
     </span>
    </p>

    <p class='ocr_par' dir='ltr' id='par_1_9' title="bbox 195 4265 1728 4642">
     <span class='ocr_line' id='line_1_39' title="bbox 553 4286 1380 4324; baseline 0.001 -1"><span class='ocrx_word' id='word_1_361' title='bbox 553 4307 555 4312; x_wconf 87' lang='lat'>-</span> <span class='ocrx_word' id='word_1_362' title='bbox 1120 4297 1126 4305; x_wconf 94' lang='lat'>·</span> <span class='ocrx_word' id='word_1_363' title='bbox 1369 4286 1380 4324; x_wconf 87' lang='grc' dir='ltr'>ι</span> 
     </span>
     <span class='ocr_line' id='line_1_40' title="bbox 195 4265 1728 4435; baseline 0.005 -26"><span class='ocrx_word' id='word_1_364' title='bbox 195 4331 292 4411; x_wconf 82' lang='lat' dir='ltr'>ridad</span> <span class='ocrx_word' id='word_1_365' title='bbox 314 4360 365 4411; x_wconf 92' lang='lat' dir='ltr'>en</span> <span class='ocrx_word' id='word_1_366' title='bbox 392 4338 497 4414; x_wconf 85' lang='lat' dir='ltr'>todos</span> <span class='ocrx_word' id='word_1_367' title='bbox 508 4265 576 4416; x_wconf 79' lang='lat' dir='ltr'>ylos</span> <span class='ocrx_word' id='word_1_368' title='bbox 601 4342 717 4416; x_wconf 87' lang='lat' dir='ltr'>re&#39;inos</span> <span class='ocrx_word' id='word_1_369' title='bbox 741 4292 776 4434; x_wconf 52' lang='lat' dir='ltr'>y,</span> <span class='ocrx_word' id='word_1_370' title='bbox 797 4336 954 4416; x_wconf 84' lang='lat' dir='ltr'>seriorios</span> <span class='ocrx_word' id='word_1_371' title='bbox 978 4338 1023 4412; x_wconf 92' lang='lat' dir='ltr'>de</span> <span class='ocrx_word' id='word_1_372' title='bbox 1043 4335 1087 4411; x_wconf 84' lang='lat' dir='ltr'>ln</span> <span class='ocrx_word' id='word_1_373' title='bbox 1112 4333 1323 4435; x_wconf 80' lang='lat' dir='ltr'>Magestad,</span> <span class='ocrx_word' id='word_1_374' title='bbox 1351 4333 1372 4408; x_wconf 76' lang='grc' dir='ltr'>ὲ</span> <span class='ocrx_word' id='word_1_375' title='bbox 1400 4334 1501 4412; x_wconf 84' lang='lat' dir='ltr'>rodas</span> <span class='ocrx_word' id='word_1_376' title='bbox 1527 4357 1557 4428; x_wconf 73' lang='lat' dir='ltr'>,y</span> <span class='ocrx_word' id='word_1_377' title='bbox 1594 4335 1728 4429; x_wconf 73' lang='lat' dir='ltr'>quales·</span> 
     </span>
     <span class='ocr_line' id='line_1_41' title="bbox 195 4430 1725 4538; baseline -0.001 -27"><span class='ocrx_word' id='word_1_378' title='bbox 195 4437 313 4538; x_wconf 74' lang='lat' dir='ltr'>quieta</span> <span class='ocrx_word' id='word_1_379' title='bbox 340 4440 353 4514; x_wconf 87' lang='lat' dir='ltr'>i</span> <span class='ocrx_word' id='word_1_380' title='bbox 378 4438 498 4533; x_wconf 83' lang='lat' dir='ltr'>lefias,</span> <span class='ocrx_word' id='word_1_381' title='bbox 523 4439 777 4532; x_wconf 78' lang='lat' dir='ltr'>monasterius,</span> <span class='ocrx_word' id='word_1_382' title='bbox 803 4439 1017 4536; x_wconf 82' lang='lat' dir='ltr'>hospitales,</span> <span class='ocrx_word' id='word_1_383' title='bbox 1041 4460 1187 4534; x_wconf 86' lang='lat' dir='ltr'>yorros</span> <span class='ocrx_word' id='word_1_384' title='bbox 1210 4438 1348 4536; x_wconf 78' lang='lat' dir='ltr'>lugarer</span> <span class='ocrx_word' id='word_1_385' title='bbox 1372 4435 1479 4536; x_wconf 87' lang='lat' dir='ltr'>pios,</span> <span class='ocrx_word' id='word_1_386' title='bbox 1512 4430 1725 4511; x_wconf 83' lang='lat' dir='ltr'>universrda·</span> 
     </span>
     <span class='ocr_line' id='line_1_42' title="bbox 195 4539 982 4642; baseline -0.005 -24"><span class='ocrx_word' id='word_1_387' title='bbox 195 4543 272 4632; x_wconf 65' lang='grc' dir='ltr'><strong>ιιι,</strong></span> <span class='ocrx_word' id='word_1_388' title='bbox 378 4543 476 4618; x_wconf 85' lang='lat' dir='ltr'>adias</span> <span class='ocrx_word' id='word_1_389' title='bbox 501 4597 513 4637; x_wconf 94' lang='lat'>,</span> <span class='ocrx_word' id='word_1_390' title='bbox 539 4541 776 4642; x_wconf 79' lang='lat' dir='ltr'>y-fingulares</span> <span class='ocrx_word' id='word_1_391' title='bbox 800 4539 982 4639; x_wconf 82' lang='lat' dir='ltr'>personas.</span> 
     </span>
    </p>

    <p class='ocr_par' dir='ltr' id='par_1_10' title="bbox 281 4633 1725 4736">
     <span class='ocr_line' id='line_1_43' title="bbox 281 4633 1725 4736; baseline -0.006 -17"><span class='ocrx_word' id='word_1_392' title='bbox 281 4640 470 4719; x_wconf 75' lang='lat' dir='ltr'>confirm.</span> <span class='ocrx_word' id='word_1_393' title='bbox 499 4667 533 4718; x_wconf 92' lang='lat'>2.</span> <span class='ocrx_word' id='word_1_394' title='bbox 552 4669 603 4719; x_wconf 85' lang='lat' dir='ltr'>ex</span> <span class='ocrx_word' id='word_1_395' title='bbox 623 4646 756 4721; x_wconf 83' lang='lat' dir='ltr'>litteris</span> <span class='ocrx_word' id='word_1_396' title='bbox 770 4639 1020 4720; x_wconf 81' lang='lat' dir='ltr'>-cormnitsarii</span> <span class='ocrx_word' id='word_1_397' title='bbox 1044 4641 1233 4717; x_wconf 84' lang='lat' dir='ltr'>&#39;Generalis</span> <span class='ocrx_word' id='word_1_398' title='bbox 1256 4638 1421 4716; x_wconf 77' lang='lat' dir='ltr'>cntciatae</span> <span class='ocrx_word' id='word_1_399' title='bbox 1447 4638 1539 4736; x_wconf 81' lang='lat' dir='ltr'>apud</span> <span class='ocrx_word' id='word_1_400' title='bbox 1561 4634 1621 4715; x_wconf 78' lang='lat'>111.</span> <span class='ocrx_word' id='word_1_401' title='bbox 1647 4633 1725 4712; x_wconf 81' lang='lat' dir='ltr'>Vil-</span> 
     </span>
    </p>
   </div>
   <div class='ocr_carea' id='block_1_5' title="bbox 194 4734 1727 4913">
    <p class='ocr_par' dir='ltr' id='par_1_11' title="bbox 194 4734 1727 4913">
     <span class='ocr_line' id='line_1_44' title="bbox 194 4734 1727 4842; baseline -0.005 -22"><span class='ocrx_word' id='word_1_402' title='bbox 194 4743 320 4822; x_wconf 87' lang='lat' dir='ltr'>larroel</span> <span class='ocrx_word' id='word_1_403' title='bbox 345 4747 416 4821; x_wconf 91' lang='lat' dir='ltr'>loc.</span> <span class='ocrx_word' id='word_1_404' title='bbox 444 4746 528 4837; x_wconf 91' lang='lat' dir='ltr'>cit.,</span> <span class='ocrx_word' id='word_1_405' title='bbox 551 4745 611 4822; x_wconf 87' lang='lat' dir='ltr'>ubi</span> <span class='ocrx_word' id='word_1_406' title='bbox 629 4749 749 4822; x_wconf 83' lang='lat' dir='ltr'>relata</span> <span class='ocrx_word' id='word_1_407' title='bbox 764 4743 991 4842; x_wconf 72' lang='lat' dir='ltr'>concessione</span> <span class='ocrx_word' id='word_1_408' title='bbox 1027 4741 1120 4821; x_wconf 73' lang='lat' dir='ltr'>salba</span> <span class='ocrx_word' id='word_1_409' title='bbox 1146 4740 1309 4819; x_wconf 76' lang='lat' dir='ltr'>omnibus</span> <span class='ocrx_word' id='word_1_410' title='bbox 1336 4734 1528 4817; x_wconf 74' lang='lat' dir='ltr'>Indicium</span> <span class='ocrx_word' id='word_1_411' title='bbox 1558 4736 1727 4829; x_wconf 79' lang='lat' dir='ltr'>incolis,</span> 
     </span>
     <span class='ocr_line' id='line_1_45' title="bbox 321 4857 1674 4913; baseline -0.006 8"><span class='ocrx_word' id='word_1_412' title='bbox 321 4885 324 4888; x_wconf 41' lang='lat'><strong>⁴</strong></span> <span class='ocrx_word' id='word_1_413' title='bbox 1633 4857 1674 4913; x_wconf 93' lang='lat' dir='ltr'>ut</span> 
     </span>
    </p>
   </div>
   <div class='ocr_carea' id='block_1_6' title="bbox 581 4964 1730 5019">
    <p class='ocr_par' dir='ltr' id='par_1_12' title="bbox 581 4964 1730 5019">
     <span class='ocr_line' id='line_1_46' title="bbox 581 4964 1730 5019; baseline 0.017 -11"><span class='ocrx_word' id='word_1_414' title='bbox 581 4964 1730 5019; x_wconf 54' lang='grc' dir='ltr'><em>Μ</em></span> 
     </span>
    </p>
   </div>
   <div class='ocr_carea' id='block_1_7' title="bbox 224 5041 1162 5250">
    <p class='ocr_par' dir='ltr' id='par_1_13' title="bbox 224 5041 1162 5250">
     <span class='ocr_line' id='line_1_47' title="bbox 224 5041 1162 5250; baseline -0.002 -94"><span class='ocrx_word' id='word_1_415' title='bbox 224 5092 292 5168; x_wconf 71' lang='lat'>⁴1²)</span> <span class='ocrx_word' id='word_1_416' title='bbox 310 5041 396 5156; x_wconf 68' lang='lat' dir='ltr'>Sarae·</span> <span class='ocrx_word' id='word_1_417' title='bbox 414 5095 489 5158; x_wconf 73' lang='lat' dir='ltr'>ibid.</span> <span class='ocrx_word' id='word_1_418' title='bbox 508 5113 537 5153; x_wconf 90' lang='grc' dir='ltr'>ιι.</span> <span class='ocrx_word' id='word_1_419' title='bbox 553 5117 586 5168; x_wconf 63' lang='grc' dir='ltr'><strong>ι.</strong></span> <span class='ocrx_word' id='word_1_420' title='bbox 1121 5164 1162 5250; x_wconf 70' lang='grc' dir='ltr'>Τ</span> 
     </span>
    </p>
   </div>
   <div class='ocr_carea' id='block_1_8' title="bbox 0 0 1943 5678">
    <p class='ocr_par' dir='ltr' id='par_1_14' title="bbox 0 0 1943 5678">
     <span class='ocr_line' id='line_1_48' title="bbox 0 0 1943 5678; baseline 0 0"><span class='ocrx_word' id='word_1_421' title='bbox 0 0 1943 5678; x_wconf 95' lang='lat' dir='ltr'> </span> 
     </span>
    </p>
   </div>
  </div>
 </body>
</html>
