3856 5678
531 285 567 363 A
592 305 614 362 r
638 299 669 362 o
694 297 712 359 s
737 297 763 356 τ
787 297 869 381 on,
891 296 904 357 1
930 295 962 356 e
981 296 1041 355 re·
1097 285 1206 378 1650.
1262 305 1372 382 1700.
1590 312 1667 392 433

189 433 332 536 pstedau
356 422 701 505 obtenetbeneficios
725 419 1041 498 ecclesiasticos...
1067 418 1224 504 Ellando
1252 425 1408 499 tambicn
1432 423 1625 505 declarado
1648 459 1714 530 por

188 540 230 612 io
254 558 321 633 quc
345 534 437 607 mira
463 529 484 602 ὲ
508 530 563 605 los
589 529 633 603 de
659 529 695 600 la
720 524 947 622 Compatiia,
972 546 1040 619 que
1065 548 1114 599 no
1140 525 1276 620 pueden
1302 525 1446 603 obtenu
1474 529 1671 625 prebendas
1692 561 1718 632 y

189 634 378 719 beneficius
403 635 455 705 los
480 655 547 726 que
566 629 740 719 ¹husieren
764 625 881 701 hecho
906 626 940 697 el
966 624 1109 721 primier
1136 644 1290 703 voto...
1318 623 1370 701 sm
1395 650 1463 725 que
1489 654 1574 728 pata
1592 635 1721 713 conlli.

189 739 296 815 tuirle
321 760 366 811 en
391 736 426 808 el
451 733 705 830 impedimento
729 752 753 820 y
778 725 919 801 calidad
943 723 989 799 de
1013 727 1183 821 expulso,
1202 724 1235 802 se
1261 724 1431 805 necessita
1456 730 1501 807 de
1527 731 1718 828 profeffion

189 837 415 914 solemne...
442 860 465 926 y
491 831 720 908 attendiendo
744 830 767 902 ὲ
791 851 858 926 que
883 827 936 902 las
961 827 1103 904 cedutas
1128 825 1365 929 delpachadas
1389 855 1439 905 no
1465 832 1626 910 admiten
1650 839 1716 914 du·

185 941 260 1031 da,
287 940 324 1012 ni
351 937 623 1033 interpretacion
661 933 695 1007 al
769 955 811 1023 a,
839 951 921 1026 pues
958 927 1170 1007 inhabilitan
1196 932 1232 1007 al
1256 953 1323 1028 que
1346 929 1491 1008 haviere
1526 934 1643 1013 hecho
1679 941 1716 1015 el

190 1044 327 1143 primer
352 1057 531 1113 voto....
557 1034 617 1111 He
642 955 804 1127 millio,
829 1054 881 1106 ec.
1544 1098 1549 1117 ,

200 1230 204 1235 ,
243 1141 332 1216 Haec
358 1135 465 1213 refert
492 1138 528 1211 in
553 1135 608 1212 M.
634 1134 670 1212 S.
695 1131 737 1211 P.
764 1131 941 1232 Eugenius
965 1129 1111 1232 Lopez,
1136 1133 1197 1232 qui
1222 1133 1267 1209 de
1284 1131 1600 1217 schedulaeadem
1623 1139 1725 1220 ¹vide·

149 1286 159 1297 ·
194 1266 253 1323 tur
279 1240 375 1339 loqui
402 1293 414 1331 ,
451 1238 538 1313 dum
565 1234 639 1314 ait':
661 1235 712 1315 El
738 1239 812 1310 atio
837 1233 882 1310 de
911 1233 1020 1322 1718.
1045 1232 1082 1311 lc
1107 1237 1256 1333 expedio
1290 1263 1361 1313 nna
1388 1241 1513 1318 oedula
1547 1245 1622 1317 real
1637 1268 1727 1334 ,en

192 1368 262 1445 que
288 1340 466 1418 haciendo
491 1339 648 1415 relacion
675 1336 695 1411 ὲ
720 1357 818 1412 otras
841 1360 910 1434 que
935 1334 1057 1415 testere
1082 1334 1226 1431 Frallo,
1251 1335 1287 1413 se
1313 1339 1454 1415 declara
1481 1367 1547 1440 que
1585 1368 1725 1444 auoque

150 1440 153 1445 ’
194 1449 250 1524 los
274 1440 436 1545 expulsos
459 1466 510 1515 no
536 1439 645 1534 trajan
669 1438 766 1515 dado
789 1434 957 1513 occasion
984 1463 1073 1534 para
1096 1433 1136 1513 lu
1162 1438 1366 1536 expulfion,
1405 1466 1525 1535 yaun
1548 1469 1593 1522 uc
1646 1449 1728 1536 aian

193 1548 310 1627 lalido
332 1570 401 1643 por
424 1542 585 1618 nullidad
610 1543 657 1616 de
682 1534 895 1641 prolession‚
918 1564 945 1633 y
971 1564 1112 1638 auoque
1135 1565 1186 1616 no
1210 1540 1321 1630 trajan
1347 1539 1422 1614 srdo
1454 1469 1591 1641 proleff
1635 1601 1646 1640 ‚
1684 1546 1729 1622 fi.
1820 1560 1825 1570 ·

192 1677 244 1731 no
270 1644 347 1724 solo
371 1645 478 1736 hajan
502 1643 619 1719 hccho
642 1644 697 1719 los
732 1656 835 1734 votos
860 1637 1030 1738 simples,
1066 1665 1174 1718 como
1207 1665 1254 1717 en
1278 1646 1314 1719 la
1338 1640 1543 1741 Gompadia
1574 1649 1633 1743 los
1665 1649 1726 1726 del

195 1752 365 1842 biennio,
387 1744 456 1824 son
482 1746 586 1822 todos
611 1741 883 1840 comprendidos
919 1764 966 1816 en
991 1743 1027 1817 la
1053 1741 1274 1839 prohibicion
1298 1743 1344 1818 de
1369 1742 1517 1823 obtener
1551 1746 1724 1828 beneficio

203 1855 370 1950 plgun0‚
409 1872 496 1946 pero
529 1848 678 1947 permite
711 1868 782 1942 que
806 1841 946 1942 puedan
984 1843 1204 1920 mantenersc
1239 1847 1293 1922 los
1326 1870 1394 2022 pue
1419 1843 1455 1926 se
1483 1846 1653 1927 ‘hallaren
1678 1876 1723 1929 en

197 1955 314 2037 allual
340 1947 524 2048 polscffion
542 1974 570 2042 y
595 1946 770 2024 exercicio
794 1946 837 2020 de
863 1968 985 2046 curas,
1012 1971 1035 2040 y
1059 1970 1125 2044 que
1144 1947 1282 2046 puedan
1308 1947 1473 2026 acender
1499 1947 1519 2025 ὲ
1543 1961 1644 2027 otro's
1664 1978 1729 2028 cu·
1792 1992 1795 2003 ·

148 2131 157 2141 ,
198 2077 299 2132 ratos
324 2054 453 2129 dentro
477 2051 521 2129 de
541 2051 587 2143 la
606 2045 735 2125 misma
761 2037 892 2123 diocefi
912 2044 1010 2140 yno
1033 2042 1133 2124 fuera
1159 2048 1205 2128 de
1229 2050 1323 2132 ella.
1350 2048 1508 2126 Declara
1521 2049 1730 2143 juntamen-

200 2179 262 2250 te,
288 2180 355 2256 que
379 2151 487 2231 dicha
510 2150 735 2254 prohibicion
759 2173 810 2224 no
835 2144 911 2223 solo
936 2171 973 2221 es
1005 2172 1051 2223 cn
1076 2149 1188 2234 orden
1206 2151 1234 2229 ,ὲ
1260 2149 1406 2233 obtener
1439 2172 1617 2248 curatos,
1655 2152 1733 2234 srno

198 2260 358 2340 tambien
383 2254 599 2354 prebendas,
624 2252 880 2341 canonicatus,
904 2249 1135 2353 dignidades,
1172 2278 1193 2347 y
1220 2272 1318 2328 ottos
1343 2251 1525 2348 beneficiat..
1559 2253 1652 2332 Hace
1678 2258 1731 2348 ju.

203 2365 252 2438 ris
278 2354 499 2457 par'ticularis
523 2353 627 2442 sunt3
664 2353 738 2441 jure
777 2371 899 2425 tamen
923 2353 1108 2433 communi
1133 2349 1238 2432 soluti
1266 2353 1357 2434 votis
1393 2354 1605 2457 fimplicibus
1641 2359 1734 2438 nihil

205 2460 337 2538 habent
362 2478 434 2555 quo
460 2453 482 2528 al
504 2446 681 2528 beneficiis
707 2470 913 2524 arceantur.
1804 2528 1807 2536 ,
1863 2500 1866 2505 <

264 2557 377 2645 ,sded
402 2555 486 2656 qnid
510 2553 701 2628 dicendum
725 2552 768 2625 de
817 2546 950 2627 rolelsrs
973 2547 995 2628 ὲ
1019 2550 1199 2631 Societate
1224 2555 1376 2647 eiedtis?
1407 2557 1573 2635 Dubium
1598 2558 1682 2639 esset
1707 2560 1736 2640 sr

202 2659 417 2760 particulare
442 2658 558 2749 insin
582 2652 760 2748 ejiciendis
784 2577 900 2736 litiffet
924 2652 1124 2752 Societati,
1150 2677 1191 2733 ut
1216 2660 1354 2756 putavit
1378 2656 1619 2738 Bulembaum
1659 2669 1735 2755 (a)

201 2789 278 2859 non
301 2761 417 2838 solus.
445 2756 530 2835 Hoc
556 2777 679 2837 tamen
714 2756 927 2858 particulare
962 2757 1014 2848 jus
1039 2757 1116 2857 poli
1139 2759 1283 2838 decreta
1315 2757 1456 2839 Urbani
1477 2760 1590 2840 yut.
1618 2785 1735 2865 negat

207 2864 418 2960 Benedictus
440 2861 543 2940 XIV.
570 2861 640 2953 (b)
665 2879 710 2937 cx
733 2860 842 2937 Card.
868 2859 911 2933 dc
935 2857 1061 2959 Lugo.
1088 2859 1205 2939 Verba
1229 2857 1408 2940 Benedilli
1433 2862 1549 2943 sunt:
1580 2865 1735 2962 Profeybs

203 2964 581 3064 filuperiores'sreiint
606 2961 626 3038 ὲ
652 2962 833 3040 Societate
857 2961 1004 3053 eiicere,
1031 2961 1160 3038 debent
1186 2965 1390 3054 judicialem
1415 2968 1582 3044 ordinem
1618 2967 1734 3046 serva-

203 3092 264 3158 re,
290 3089 483 3163 eorumque
510 3063 853 3160 incorrigibilitatem
876 3064 1036 3143 evincere
1049 3117 1058 3136 .
1131 3063 1255 3160 Neque
1280 3068 1377 3143 enim
1401 3066 1560 3145 Societas
1596 3069 1666 3145 hac
1693 3073 1742 3148 in¹

202 3193 242 3241 re
268 3167 344 3240 ullo
370 3165 538 3264 peculiari
565 3163 749 3260 privilegio
773 3164 907 3236 donata
932 3159 1002 3236 est.
1028 3162 1076 3237 Et
1101 3161 1128 3236 st
1152 3165 1247 3259 quod
1263 3168 1385 3240 etiam
1422 3166 1657 3262 obtinuiilet,
1687 3195 1733 3248 eo

204 3268 280 3360 jam
305 3266 358 3341 uti
383 3290 459 3341 non
484 3261 617 3364 pollet,
642 3263 749 3341 nimis
772 3265 900 3361 quippe
925 3263 1045 3360 ampla
1071 3261 1304 3361 derogatione
1326 3262 1493 3349 Urbanus
1512 3266 1620 3348 v111.
1644 3337 1648 3345 ‚
1671 3296 1734 3347 rae.

203 3368 369 3445 cedentia
395 3391 623 3466 quaecumque
649 3365 829 3464 privilegia
854 3361 1011 3440 sustulit.
1036 3357 1147 3460 Qtod
1174 3363 1264 3442 redd
1289 3367 1540 3448 animadvertit
1557 3295 1669 3451 cml
1691 3373 1737 3449 dc

203 3470 311 3568 Lugo
345 3469 503 3568 quadam
538 3465 835 3559 consultatione,
875 3474 935 3543 16.
973 3463 1053 3562 Jan.
1071 3473 1195 3567 '³⁶24
1229 3488 1398 3562 exarata,
1423 3494 1532 3568 quam
1568 3497 1634 3556 nos
1658 3498 1736 3553 ma.

202 3571 423 3668 nulcriptam
448 3567 630 3648 informa
655 3565 1102 3666 authenticainspaeximas..
1164 3653 1169 3661 ,
1610 3582 1613 3587 ’

308 3671 372 3752 De
390 3668 686 3772 promisissem,
702 3697 785 3748 non
809 3668 922 3760 ejectis
946 3666 1176 3773 dSocietat'e
1195 3669 1397 3774 superstite,
1423 3674 1483 3752 led
1507 3682 1661 3761 extincta
1678 3680 1742 3769 bu,

205 3776 427 3868 cularizatis,
452 3774 545 3851 nihil
570 3773 620 3850 cst
645 3775 741 3873 quod
764 3775 953 3862 dicamus,
988 3776 1073 3850 cum
1104 3771 1384 3853 constitutionis
1407 3782 1569 3856 Domitia
1605 3812 1644 3858 ac
1668 3791 1734 3862 Re·

206 3879 356 3978 damnor
380 3865 533 3973 expressa
557 3874 663 3951 verba
683 3873 780 3952 sint.-
805 3876 952 3966 caffatis
979 3894 1124 3965 autem,
1149 3877 1185 3949 dt
1207 3877 1348 3970 penitus
1373 3877 1581 3975 abrogatis,
1613 3907 1655 3963 ut
1679 3885 1735 3963 fir.

201 4005 289 4082 pra,
308 3977 504 4074 privilegiis
527 3972 799 4071 quibuscumque
823 3977 860 4049 bt
885 3971 1021 4046 statutis
1044 3968 1232 4069 saepodidtae
1250 3975 1464 4069 Societatis,
1492 3978 1734 4079 declaramus,

206 4081 282 4169 ejus
307 4077 443 4172 loc'ms,
468 4075 528 4166 ubi
554 4100 575 4150 a
600 4072 763 4149 domibus
786 4072 1004 4169 &collegiis
1039 4071 1230 4149 societatis
1254 4074 1376 4175 egrclsr
1402 4131 1414 4170 ,
1449 4081 1485 4158 dt
1514 4080 1564 4155 ad
1594 4082 1733 4164 statum

204 4180 420 4258 clericorum
444 4177 665 4253 saecularitun
689 4174 820 4252 rededi
843 4170 1000 4265 suerint,
1024 4171 1159 4267 habiles
1183 4171 1250 4254 ess'c
1272 4182 1310 4257 δι
1328 4177 1476 4255 idoneos
1494 4181 1548 4258 ad
1571 4183 1737 4265 obtineri.

205 4285 254 4360 da
279 4281 378 4373 iuxta
397 4278 583 4379 sacrorum
607 4302 825 4371 canonum,
858 4281 896 4356 bc
928 4272 1225 4354 constitutionum
1251 4277 1521 4380 apostolicarum
1538 4285 1698 4382 ..decreta
1723 4347 1737 4386 ,

206 4380 379 4463 beneficia
404 4406 655 4482 quacumque,
693 4398 770 4455 tam
795 4376 869 4455 fine
898 4402 990 4456 cura
1015 4383 1127 4480 quam'
1148 4404 1232 4457 cum
1271 4407 1381 4478 cura,
1403 4381 1549 4480 officia,
1585 4393 1737 4492 dignita.
1872 4379 1893 4431 ,·

206 4507 284 4580 tes,
309 4482 538 4583 personatus,
556 4489 601 4580 ,&
625 4483 662 4558 id
686 4505 796 4581 genus
820 4481 922 4575 alia,
960 4479 1006 4558 ad
1040 4505 1118 4581 quac
1140 4482 1267 4560 omnia
1291 4485 1342 4560 eis
1376 4485 1417 4559 in
1441 4483 1623 4571 Societate
1659 4520 1737 4577 ma.
1869 4530 1875 4535 -

206 4587 371 4667 uentibus
397 4585 513 4666 aditus
536 4603 638 4678 erat,
664 4580 876 4678 interclusus.
1726 4616 1729 4621 -

244 4943 297 5016 (δ’)
317 4946 439 5020 dufnal.
457 4900 539 5014 ild}
554 4961 583 5010 ὅ.
600 4951 645 5013 ve
663 4952 740 5010 Stat.
759 4948 851 5018 Relig-
909 4945 972 5019 (b)
993 4945 1094 5007 uenae
1112 4947 1187 5008 try.
1207 4944 1259 5007 lib.
1281 4955 1326 5018 η.
1345 4949 1389 5009 Dc
1408 4952 1471 5022 Sys.
1489 4951 1578 5085 ῆὶαι·
1604 4972 1667 5025 cap.
1691 4975 1734 5011 n.
