3864 5686
791 349 1370 454 Onntnnstouec

1025 601 1056 689 o.
1108 593 1161 670 11.

612 804 772 879 Rationes
793 826 855 903 pro
875 797 1124 903 spiritualitate
1149 800 1352 877 decimarum
1375 799 1410 874 in
1436 799 1562 876 bediis.

423 1002 564 1083 Prima.
589 1003 699 1104 Quod
724 1009 871 1085 decimu
905 1007 1087 1085 redonatae
1120 1004 1202 1083 sunt
1226 1022 1293 1106 pro
1314 1006 1401 1083 dote
1434 1002 1492 1082 vel
1515 1003 1708 1083 dotatIone
1741 1000 1859 1081 eccle·

323 1099 476 1200 siarum3
503 1131 541 1186 at
566 1110 661 1187 dotis
685 1111 889 1187 dominium
913 1135 974 1209 per
1000 1112 1092 1186 illius
1116 1111 1349 1187 donationem
1375 1105 1501 1184 tranfit
1525 1110 1563 1185 in
1588 1107 1861 1201 donatarium,

323 1233 365 1287 ut
389 1235 474 1287 cum
500 1214 522 1287 i
547 1232 646 1312 patre
671 1213 779 1289 datur
801 1211 882 1288 fitiae
908 1211 1013 1288 causa
1036 1214 1264 1313 nuptiarum.
1289 1207 1379 1286 Haec
1404 1231 1526 1287 tamen
1550 1213 1647 1288 ratio
1672 1234 1749 1286 non
1775 1231 1856 1306 per·

320 1313 465 1406 suadet,
490 1340 576 1390 nam
599 1315 697 1415 quod
721 1317 764 1392 de
790 1315 936 1390 decimis
959 1315 1115 1391 donatur
1136 1312 1219 1391 sunt
1243 1311 1373 1390 noeto
1398 1311 1597 1406 distributi,
1621 1313 1681 1412 qui
1716 1336 1761 1388 ex
1810 1332 1864 1389 uo

223 1419 225 1422 ’
322 1415 598 1510 distribuuntur,
624 1416 757 1495 habent
781 1420 960 1493 talionem
983 1418 1079 1495 dotis
1104 1416 1271 1511 donate,
1297 1421 1333 1496 δι
1356 1440 1509 1515 quorum
1545 1415 1749 1491 dominium

321 1518 431 1594 dubio
456 1516 664 1594 transfertur
684 1519 730 1595 ad
749 1517 944 1596 Ecclefiam
969 1544 1029 1619 per
1053 1519 1287 1597 donationem
1307 1538 1369 1594 aut
1393 1515 1860 1603 distributionem.,Trans·

320 1617 455 1712 sertssr,
482 1622 649 1721 inquam,
672 1620 726 1711 jus
750 1620 955 1720 disponendi
981 1626 1036 1713 de¹
1060 1619 1225 1701 frueibu
1248 1621 1392 1698 donatis
1415 1642 1459 1697 ea
1483 1621 1624 1697 ratione
1648 1645 1720 1721 qua
1753 1640 1860 1734 penes

186 1764 194 1791 t
321 1720 504 1798 ecclesiam
538 1722 587 1799 eli
624 1723 676 1815 jus
713 1723 920 1823 disponendi
955 1724 1001 1799 de
1026 1722 1193 1800 lmuibus
1224 1718 1510 1801 beneficiorum.
1534 1721 1619 1800 Hoc
1656 1742 1780 1801 autem
1803 1741 1861 1814 tus

323 1825 420 1902 aliud
444 1821 494 1899 est
520 1825 541 1899 l
564 1825 639 1916 jure
663 1824 820 1902 decimas
845 1828 883 1902 in
908 1823 1019 1926 specie
1043 1826 1226 1925 exigendi.
1316 1885 1319 1889 -
1408 1880 1411 1885 ·

424 1925 609 2002 Secunda.
634 1923 743 2025 Quod
766 1928 913 2004 decimet
931 1928 1101 2005 debentur
1124 1927 1274 2005 ccclesrae
1297 1929 1372 2022 jure
1391 1929 1538 2004 divino.
1563 1925 1661 2027 Ergo
1683 1949 1760 2001 non
1780 1917 1862 2024 pos·

321 2027 404 2106 sunt
429 2026 679 2105 saecularizati.
706 2029 777 2107 Sed
801 2057 867 2107 nec
894 2029 1074 2107 valethaec
1099 2032 1318 2123 ratio;nam
1343 2030 1488 2107 decime
1513 2029 1684 2107 debentur
1708 2028 1782 2120 jure
1807 2025 1861 2103 di·

320 2132 407 2207 vino
431 2134 467 2208 bs
491 2132 648 2206 naturali
673 2132 712 2207 in
735 2131 847 2232 specie
872 2136 929 2209 vel
954 2133 992 2208 in
1017 2159 1045 2207 ae
1069 2134 1267 2226 nivalente,
1291 2153 1465 2232 quatenus
1502 2158 1567 2232 pro
1603 2129 1861 2209 sustentatione

320 2231 390 2308 smt
414 2229 656 2310 ministrorum
681 2237 824 2311 altaris.
849 2232 987 2332 Quodsi
1011 2161 1069 2311 ds
1079 2234 1331 2312 sustentatione
1366 2232 1613 2314 ministrorum
1648 2233 1771 2310 altaris
1797 2235 1862 2331 per

320 2335 522 2435 legitimam
558 2336 815 2414 authoritatem
853 2337 996 2414 aliunde
1031 2339 1292 2436 provideatur,
1326 2335 1473 2415 decime
1496 2362 1571 2415 non
1595 2361 1656 2438 per
1691 2330 1861 2412 Ecclesite

321 2435 610 2536 dispositionem,
636 2438 695 2514 scd
728 2442 931 2516 mutatione
965 2442 1123 2516 materiae
1148 2441 1192 2516 de
1217 2443 1291 2529 iure
1316 2440 1442 2516 divino
1475 2437 1550 2516 elle
1576 2437 1769 2516 definunt.
1807 2433 1859 2519 Et

320 2540 481 2640 alioquin
504 2543 687 2617 neminem
712 2539 821 2641 pollet
844 2540 1001 2620 Ecclesia
1027 2569 1049 2617 a
1075 2542 1221 2619 decimis
1245 2539 1416 2621 solvendis
1440 2544 1613 2638 eximere,
1639 2541 1751 2618 etiam
1770 2561 1860 2637 prae-

320 2639 403 2719 {lita
427 2643 595 2720 cautione
618 2644 664 2719 de
687 2642 943 2720 sustentatione
967 2645 1234 2722 ministrorum.

425 2742 571 2822 Tertia.
598 2742 708 2842 Quod
743 2743 847 2822 Bulla
883 2746 1004 2822 Coenae
1025 2740 1312 2826 inathematizat
1347 2770 1408 2825 eos
1453 2744 1704 2827 uidecimales
1736 2737 1864 2818 causas

322 2867 478 2924 avocant
504 2849 550 2923 ad
575 2848 765 2925 tribunalia
790 2847 993 2925 le'icorumz
1019 2851 1115 2950 quod
1141 2850 1237 2927 secus
1270 2847 1401 2941 fieret,
1427 2774 1454 2923 it
1477 2848 1572 2924 bona
1605 2842 1714 2920 client
1749 2844 1862 2919 laecu·

320 2949 435 3043 larie,
463 2970 525 3025 aut
552 2953 782 3053 temporalia.
806 2951 878 3030 Sed
904 2951 1009 3029 Bulla
1031 2950 1155 3031 Coenae
1188 2950 1280 3030 testi
1304 2950 1515 3051 intelligitur
1538 2950 1585 3027 de
1608 2945 1754 3051 decimis
1778 2967 1859 3019 non

322 3051 392 3128 rite
416 3051 579 3129 alienatis
604 3080 647 3131 ac
671 3052 934 3133 seculnizatis.
1201 3079 1204 3083 ·
1394 3123 1398 3130 .

424 3149 589 3249 erta.
615 3154 724 3254 Quod
757 3160 977 3238 decimarum
1011 3163 1049 3237 in
1085 3152 1258 3263 Hispania
1296 3156 1578 3260 temporalitatio
1613 3147 1782 3232 fundatur
1819 3150 1862 3227 in

320 3251 496 3333 sententia
521 3258 769 3354 Covarrubiae,
795 3267 830 3340 ὅ(
854 3264 912 3340 hic
940 3267 975 3340 in
1001 3264 1176 3342 Molinaeo
1203 3264 1354 3342 authore
1373 3265 1503 3362 impio.
1530 3261 1601 3337 Sed
1624 3254 1792 3359 quidquid
1810 3254 1860 3332 de

318 3354 494 3434 Molinaeo
519 3359 563 3435 fit
586 3417 598 3454 ‚
624 3367 785 3460 quamvis
809 3364 1049 3439 Corarrubias
1074 3368 1177 3441 illum
1211 3367 1377 3442 adhibeat
1403 3365 1525 3442 testem
1559 3364 1741 3460 gallicane
1780 3382 1877 3466 prag.

319 3459 374 3533 xis
400 3465 499 3549 (a),
534 3465 713 3558 propriam
752 3483 873 3538 tamen
910 3463 1123 3544 sententiam
1160 3472 1198 3546 bt
1222 3471 1451 3551 :decimarum
1489 3462 1863 3563 temporalitationem

319 3554 449 3634 stmdat
475 3562 513 3633 in
536 3561 732 3639 donatione
755 3562 962 3659 Pontificis,
988 3586 1029 3643 ut
1054 3570 1172 3645 videre
1197 3569 1246 3646 ibi
1271 3568 1341 3647 est.
1378 3570 1456 3647 Nec
1482 3570 1510 3643 is
1536 3568 1586 3641 est
1613 3567 1666 3640 vir
1701 3562 1760 3639 Cl.
1784 3564 1864 3643 Co·

320 3660 519 3754 varmbias,
544 3682 585 3738 ut
610 3665 649 3739 in
674 3666 777 3743 verba
799 3665 960 3744 Molinaei
981 3669 1094 3764 iuret,
1122 3693 1185 3748 aut
1210 3674 1403 3771 impiorum
1420 3669 1612 3746 sententias
1633 3665 1727 3765 sequi
1740 3687 1864 3744 amet.

423 3760 583 3860 Qtinta.
620 3765 684 3865 Jus
719 3769 892 3846 decimale
926 3770 1110 3869 spirituale
1146 3799 1221 3851 non
1246 3773 1348 3869 elle,
1384 3772 1452 3849 suit
1478 3796 1575 3848 error
1609 3769 1863 3847 hereticorum

323 3865 418 3966 apud
442 3867 573 3948 Suarez
598 3870 690 3962 (l).
718 3871 789 3949 Sed
812 3897 912 3948 error
936 3873 1186 3954 hereticorum
1211 3872 1281 3953 suit
1305 3878 1366 3976 qui
1391 3878 1429 3951 in
1454 3875 1510 3948 his
1541 3869 1669 3948 Viclcfi
1703 3871 1864 3972 propofi·

321 3968 476 4045 tionibus
500 3972 728 4066 continetur,
753 4000 828 4074 quac
852 3972 933 4052 sunt
963 3984 1020 4052 16.
1048 3983 1083 4056 &
1113 3980 1172 4056 18.
1196 4004 1241 4055 ex
1265 3980 1465 4056 damnatis:
1492 3977 1628 4052 Domini
1650 3978 1866 4075 temporales

281 4108 284 4112 ’
321 4068 462 4167 poliunt
487 4073 534 4146 ad
559 4074 745 4151 arbitrium
768 4077 871 4154 suum
897 4074 1035 4156 aulerre
1059 4081 1153 4158 bona
1180 4075 1391 4180 temporalia
1417 4082 1462 4156 ab
1484 4076 1663 4155 Ecclcsra:
1698 4078 1865 4155 Decimae

321 4167 758 4269 fitn'tpuraeeleeutosmae,
784 4184 820 4256 bt
846 4179 982 4276 possunt
996 4185 1206 4278 parochiani
1219 4186 1265 4260 ad
1284 4185 1469 4260 arbitrium
1489 4179 1592 4256 suum
1613 4203 1755 4283 propter
1777 4205 1860 4282 pec·

323 4291 406 4346 eata
427 4269 570 4348 suomm
588 4282 881 4374 prelatorumeas
906 4280 1059 4375 aufirre.
1084 4283 1193 4383 Qod
1218 4285 1427 4362 nihilhabet
1448 4308 1640 4359 commune
1666 4309 1751 4360 cum
1775 4281 1862 4358 casu

323 4368 462 4489 nolito.
475 4370 590 4490 ‘Error
614 4379 724 4455 etiam
739 4379 788 4455 cst
813 4385 951 4458 nullum
976 4386 1192 4472 jusccclessae
1212 4387 1341 4464 novisse
1352 4408 1475 4486 practer
1492 4413 1606 4486 uuam
1619 4387 1656 4460 in
1682 4387 1805 4486 gratioe
1823 4388 1864 4464 &

323 4473 650 4591 rerbrmrntllen'o.
675 4482 745 4558 Sed
769 4509 882 4584 neque
908 4486 980 4562 hoc
991 4486 1143 4585 dicitur,
1168 4517 1255 4566 narn
1280 4509 1404 4589 praeter
1415 4490 1485 4564 alia
1510 4490 1562 4579 ius
1589 4489 1635 4564 ad
1661 4511 1863 4586 congruam

321 4574 610 4694 sustentationem
627 4610 670 4659 ex
682 4587 827 4661 decimis
837 4591 891 4664 vel
903 4592 1045 4666 aliunde
1057 4594 1316 4693 percipiendam
1324 4591 1432 4666 habet
1445 4593 1667 4684 ‚radicatum
1680 4594 1718 4666 in
1736 4591 1863 4664 altaris

320 4680 529 4792 §telettum
545 4687 764 4782 ministerio,
788 4695 824 4767 bt
843 4690 915 4768 hac
935 4695 1074 4770 ratione
1096 4694 1345 4772 inalienabile:
1367 4705 1388 4768 t
1410 4720 1482 4793 quo
1502 4691 1786 4792 distinguendum
1808 4691 1865 4770 est

321 4801 374 4871 tus
388 4781 554 4862 *decimas
571 4792 732 4890 exigendi
759 4793 797 4867 in
822 4792 957 4892 specie,
984 4797 1081 4888 &jus
1106 4797 1313 4896 disponendi
1338 4796 1381 4874 de
1401 4794 1566 4875 sruliibus
1591 4800 1644 4872 vel
1668 4795 1772 4969 bonip
1792 4819 1860 4870 un-

1774 4920 1808 4971 e·

323 5015 1865 5055 Ἢ

363 5112 375 5184 l
385 5111 420 5182 a)
439 5118 842 5193 Conarrub.Cee·3-Prali.s·
853 5123 948 5184 Tertio
966 5126 1091 5200 qttotics·
1129 5127 1189 5202 (b)
1207 5128 1386 5190 tearum.
1397 5127 1781 5200 seruantissim-
