3856 5678
248 344 326 420 4„
679 311 1262 390 orntuarrouns

197 465 272 551 &us
298 455 418 534 Abbas
439 453 483 528 de
509 448 695 546 Montigni
720 447 907 546 Episcopus
930 447 1103 525 Titularis
1128 444 1342 535 Petrcensrs,
1368 450 1405 523 dt
1430 442 1617 542 pontificio
1658 443 1739 521 bre·

195 566 230 638 ui
258 558 465 635 constitutus
490 553 652 627 Vicarius
676 551 924 647 apostotus,
950 551 1033 648 quia
1069 546 1207 641 Jefinrae
1242 548 1460 645 prtesentiam
1498 549 1648 635 alicuius
1679 545 1736 623 su-

195 664 345 767 perioris
366 654 586 733 ecclefiastici
613 655 654 730 in
676 651 836 730 Canada
858 649 1017 728 Colonia
1043 646 1235 725 desiderari·
1258 648 1434 746 persuasi,
1457 653 1478 722 ὲ
1501 651 1605 743 Rege
1627 647 1736 725 Chri-

199 760 410 843 stianissrmo
436 757 660 855 petiverant,
683 777 722 829 ut
749 754 937 852 Episcopus
963 754 1183 827 mitteretur.
1216 751 1331 825 Anna
1364 749 1533 824 Austricae
1573 775 1639 844 pro
1672 776 1731 851 pn-

196 866 285 964 pilio
311 880 401 935 nato
425 859 579 955 regentis
604 857 776 933 sententia
804 852 907 946 suit,
945 875 985 928 ut
1023 852 1250 929 assumeretur
1276 853 1401 950 aliquis
1425 851 1469 924 de
1505 850 1735 927 miffionariir

195 952 481 1051 canade'nsrbus:
520 960 687 1055 aiuntque
712 957 756 1030 de
794 955 836 1030 P.
862 954 978 1030 Paulo
1002 957 1035 1028 le
1060 953 1207 1049 icone,
1232 957 1292 1051 qui
1318 952 1521 1029 missronem
1544 953 1610 1028 diu
1647 976 1733 1029 rexe-

198 1087 280 1159 rat,
310 1060 461 1162 tuncqu‘e
487 1058 628 1135 Parisiis
656 1059 778 1154 agebar
806 1059 1007 1154 operarium
1032 1054 1225 1131 sanditatis
1250 1060 1286 1130 ὃ(
1312 1055 1502 1155 prudentiae
1523 1052 1628 1129 sama
1655 1079 1744 1151 prus¹

195 1168 336 1259 ditum,
363 1163 587 1240 nominando
614 1158 804 1257 cogitasse-3
831 1157 888 1231 sed
911 1155 1053 1253 Jesuiris
1079 1155 1292 1236 institutum
1303 1155 1592 1253 opponentibus,
1617 1155 1732 1230 Abbat

197 1265 455 1362 d'e'Montigni
486 1263 694 1358 subrogatus
717 1259 765 1334 est
793 1261 936 1336 illorum
963 1259 1082 1333 sirasu.

99 1448 104 1457 ,
300 1366 456 1466 Collegii
487 1360 674 1439 Flexienfir
703 1363 832 1440 Rector
858 1359 903 1437 P,
927 1359 1177 1453 Hieronymus
1197 1358 1402 1434 Laliemant
1435 1382 1481 1434 ex
1506 1357 1674 1435 America
1696 1363 1733 1435 iu

198 1470 366 1548 Galliam
391 1469 440 1542 rei
473 1467 617 1562 publica
642 1460 744 1537 causa
772 1461 945 1559 pronun
970 1485 1079 1537 erar·
1102 1460 1211 1536 Hunc
1237 1462 1467 1535 barbarorum
1492 1461 1602 1535 saluti
1632 1484 1730 1557 opem

197 1573 262 1651 sub
288 1592 392 1648 tanto
417 1566 571 1647 Praelatu¹
597 1561 689 1638 serre
716 1568 928 1654 volentem,
955 1560 1014 1636 sibi
1044 1562 1201 1635 adhiberi
1228 1560 1365 1635 socirun
1397 1562 1635 1659 impetratric-
1657 1561 1730 1639 Cic·

197 1660 288 1765 rici,
305 1674 374 1771 ‚qui
402 1691 487 1745 tunc
514 1674 550 1744 dt
575 1667 679 1741 annis
705 1662 928 1762 sequentibus
951 1660 1142 1738 Canadam
1169 1685 1391 1753 tennerunt,
1417 1688 1525 1738 curas·
1556 1663 1762 1760 parochie·

197 1777 248 1851 les
273 1799 319 1850 eo
344 1771 450 1869 usque
476 1766 639 1866 Jesuitis,
667 1769 725 1843 ubi
763 1791 838 1843 non
863 1768 926 1839 alii
962 1763 1161 1841 sacerdotes
1186 1785 1288 1838 erant
1313 1819 1323 1855 ,
1352 1765 1603 1839 incumbentes
1636 1763 1730 1842 subie-

198 1894 307 1966 runt,
333 1878 450 1978 primo
475 1871 620 1971 quidem
640 1892 683 1940 ex
704 1867 976 1958 commiffione,
1004 1886 1088 1940 tunc
1114 1871 1150 1943 dt
1176 1866 1238 1941 diu
1257 1865 1333 1961 post
1359 1866 1576 1941 amovibiles
1596 1868 1645 1941 ad
1664 1866 1733 1964 Epi

198 1975 296 2076 scopi
323 1998 476 2066 nutum,
503 1978 538 2049 dt
567 1972 744 2047 interdum
772 1970 818 2044 ad
845 1989 976 2044 nutum
1004 1961 1244 2062 profestorum
1269 1962 1509 2060 Qtebekenfis
1529 1968 1740 2058 seminarii,

199 2081 258 2175 qui
287 2082 324 2155 dc
348 2073 410 2174 ipsr
438 2073 667 2149 instituuntur
692 2074 804 2145 etiam
830 2094 925 2145 nunc
955 2069 976 2141 'a
1003 2066 1195 2143 Seminarii
1221 2064 1420 2144 Parifiensrs
1446 2068 1653 2145 miffionum
1678 2093 1741 2147 err-.-

202 2200 364 2253 rerarum
388 2173 658 2253 Direttoribus..
1248 2229 1253 2238 .

304 2277 493 2374 Temporis
519 2267 671 2348 successu
697 2272 868 2348 nonnihil
892 2273 1089 2345 immutata
1112 2267 1191 2344 sunt
1217 2270 1293 2358 iura
1320 2323 1333 2361 ,
1356 2296 1400 2345 ex
1426 2296 1500 2374 quo
1524 2271 1606 2348 Rex
1638 2294 1735 2344 man·

132 2470 135 2475 Ι
201 2379 288 2459 data
315 2379 435 2469 dedit,
461 2397 502 2450 ut
527 2397 671 2448 curatus
696 2374 769 2465 ibi,
806 2374 896 2446 sicut
932 2374 969 2444 in
999 2393 1080 2446 toto
1116 2371 1320 2444 Galliarum
1344 2397 1458 2468 regno
1494 2370 1733 2446 conferrentur

199 2483 250 2557 in.
278 2482 454 2568 titulum;
492 2476 549 2552 sed
583 2479 740 2551 multum
777 2472 871 2550 abest
907 2473 1025 2548 adhuc
1062 2493 1102 2546 ut
1140 2469 1218 2545 usus
1256 2470 1344 2549 surus
1370 2473 1439 2567 stt,
1463 2499 1554 2548 nam
1592 2472 1730 2563 insula,

200 2606 278 2681 quae
305 2583 325 2655 a
351 2578 483 2657 Monte
508 2578 639 2675 Regali
667 2599 801 2651 nomen
826 2574 961 2663 habet,
996 2598 1078 2649 cum
1103 2574 1375 2668 dependentibus
1414 2576 1595 2674 parochiis
1627 2573 1731 2665 sunt,

199 2705 242 2763 ut
263 2702 397 2773 erant,
421 2678 483 2756 sub
507 2679 581 2766 jure
606 2677 802 2773 Sulpiciani
830 2675 1048 2752 Seminarii.
1074 2673 1162 2751 Erat
1188 2675 1404 2771 biennium,
1440 2702 1519 2781 quo
1543 2676 1736 2757 seminario

201 2781 344 2863 cesserat
371 2780 491 2855 insuia:
516 2779 750 2853 dominium.

304 2883 383 2957 Diu
409 2902 495 2961 ante
520 2902 663 2955 venerat
688 2873 905 2974 Qtebeltum
932 2874 1050 2953 abbas
1085 2874 1221 2974 Qrelus
1246 2880 1465 2957 authoritate
1489 2879 1624 2954 Vicarii
1664 2876 1737 2952 Ge·

201 2983 334 3058 neralis
361 2982 406 3058 ab
433 2977 661 3077 Archiepisco
685 3004 709 3053 o
734 2978 1024 3075 Rhotomagensr
1050 2982 1231 3069 munitus;
1257 2981 1316 3056 sed
1336 2984 1420 3079 quia
1442 2976 1735 3076 [Urotnmagensu

198 3082 388 3175 jurisdistio
415 3086 452 3156 in
479 3082 624 3158 Novam
662 3006 854 3154 branciam
894 3081 994 3154 nullo
1020 3081 1198 3155 nitebatur
1226 3083 1566 3175 titu10,jusidem
1603 3104 1737 3180 compe-

199 3185 357 3260 tentibus
383 3180 601 3261 Nannerensr
627 3187 664 3263 dt
689 3179 894 3289 Ritpellensr
920 3180 1123 3278 Episcopis,
1148 3177 1290 3277 Qtelus.
1308 3186 1347 3259 in
1373 3184 1562 3261 Vicarium
1588 3208 1664 3258 non
1683 3184 1735 3258 ad·

48 3300 54 3311 “
200 3284 321 3362 missus
348 3289 384 3360 in
412 3307 566 3360 veterem
592 3274 1023 3381 Franciamsepedavit.
1059 3286 1174 3359 Anno.
1199 3292 1306 3382 1657.
1333 3282 1449 3361 rursus
1483 3287 1521 3359 in
1555 3284 1737 3360 Canadan

201 3413 288 3463 cum
312 3387 501 3461 Seminarii
528 3386 704 3481 deputatis
731 3387 864 3484 appulit
893 3381 1021 3458 Insulae
1047 3381 1290 3479 possessionem
1315 3390 1494 3481 aditurus,
1520 3391 1561 3463 bt
1579 3384 1739 3465 Semim-

199 3490 296 3579 rium
321 3484 552 3580 fundaturus,
579 3487 676 3582 quod
701 3511 778 3585 non
803 3485 926 3561 invitis
950 3486 1091 3560 colonis
1115 3490 1249 3583 peregit
1276 3492 1445 3569 tandem.

305 3584 497 3664 Petreensis
535 3580 663 3682 Episco
688 3611 727 3659 us
754 3589 792 3659 in
828 3585 993 3661 Galliam
1018 3611 1116 3662 anno
1155 3594 1270 3667 1662.
1303 3593 1415 3668 redux
1440 3589 1563 3690 Regis:
1588 3586 1735 3664 obtinuit

200 3689 383 3787 diploma,
408 3713 447 3767 ut
473 3684 630 3786 Quebelti
655 3613 897 3761 seminarium
931 3688 1160 3783 erigeretur:
1197 3694 1341 3788 &quia
1367 3689 1526 3789 pastores
1551 3693 1586 3767 in
1620 3710 1741 3765 totam-

129 3822 148 3852 κ
205 3792 386 3867 coloniam
411 3795 509 3882 iuxta
535 3810 820 3888 praeconceptum
844 3785 1020 3877 systhema
1046 3787 1089 3862 ab
1117 3787 1188 3865 hoc
1207 3791 1407 3869 Seminario
1427 3814 1534 3868 erant
1556 3791 1743 3882 trahendi,

201 3888 369 3972 Praelatus
394 3896 468 3992 egit
494 3914 534 3968 ut
562 3893 710 3967 nomine
733 3891 954 3965 decimanun
979 3888 1176 3966 solveretur
1200 3893 1442 3973 Direeonbus
1477 3892 1739 3971 decimatum

200 3988 379 4071 fruduum
414 3997 579 4070 omnium
619 3991 771 4067 ecclesrae
806 3991 1048 4069 debitorum.
1087 3991 1181 4067 Eam
1209 4014 1331 4073 raxam
1355 3996 1558 4073 exorbitare
1596 3996 1745 4071 nimium

200 4118 370 4191 putarunt
396 4100 516 4171 coloni
542 4121 615 4169 non
643 4093 841 4171 admodum
863 4093 1018 4187 divites,
1039 4095 1077 4169 bt
1102 4090 1189 4192 saepe
1210 4103 1470 4179 reclamarunt.
1499 4097 1738 4186 Anno1667.

203 4192 354 4273 Senatus
379 4192 596 4271 Canadensrs
622 4194 817 4286 consulto,
852 4198 972 4292 utique
1000 4192 1258 4293 provisionali,
1294 4207 1332 4282 ὅ(
1356 4200 1428 4277 fine
1452 4202 1545 4299 regii
1581 4193 1742 4293 descripti

200 4293 431 4392 praejudicio,
456 4296 642 4371 decretum
666 4293 741 4386 est,
765 4317 804 4369 ut
831 4320 897 4392 pro
920 4297 1059 4372 decima
1086 4320 1166 4396 pars
1191 4302 1224 4374 vi
1248 4300 1358 4381 efima
1382 4302 1481 4382 sexta
1511 4302 1719 4400 perderetur
1730 4348 1741 4385 2

198 4413 309 4492 utque
334 4395 478 4471 novalia
504 4422 579 4472 non
604 4396 866 4471 decimarentur
891 4398 1166 4496 quinquennio.
1267 4405 1317 4480 od
1341 4402 1406 4484 usu
1431 4409 1468 4484 ἃ
1492 4402 1652 4480 moribus
1687 4399 1742 4472 in·

199 4497 331 4575 valuit.
359 4495 474 4579 Austo
499 4498 628 4574 deinde
654 4500 866 4576 colonorum
890 4523 1065 4591 numero,
1088 4504 1125 4577 dt
1150 4525 1250 4580 novae
1276 4507 1454 4606 parochie
1494 4497 1744 4591 creuerunt,

199 4619 353 4697 tuncque
380 4603 531 4696 peritum
559 4620 597 4675 ut
636 4600 798 4699 parochis
824 4600 988 4678 cederent
1014 4601 1192 4695 decimae,
1218 4629 1327 4707 utque
1355 4629 1441 4686 taxa
1474 4627 1582 4686 certa
1619 4600 1743 4680 eonsti-

199 4717 379 4780 tueretut.
407 4699 607 4800 Utrumque
645 4727 683 4778 re
708 4704 745 4778 io
771 4703 883 4778 edicto
920 4704 1137 4778 mandatum
1159 4705 1209 4782 est
1247 4736 1346 4789 anno
1373 4719 1513 4805 ¹⁶79·›
1558 4705 1743 4786 confirme-

85 4815 124 4901 s
200 4819 348 4896 tumque
373 4801 480 4881 simui
503 4802 677 4880 Canaden
757 4799 1137 4881 senatusconsultum
1169 4832 1215 4885 ea
1241 4815 1321 4912 sego
1344 4835 1386 4892 ut
1411 4812 1580 4891 &nattes
1608 4811 1656 4888 de
1679 4808 1748 4904 sup·

221 4901 381 4975 lemento
406 4905 609 4982 decerneret
635 4930 696 5002 per
722 4906 862 4980 incolas
883 4910 923 4982 dt
945 4908 1197 5026 proprietarios
1222 4919 1431 5015 erogando,
1458 4912 1489 4990 sr
1521 4916 1746 4997 decimarum

344 5026 522 5119 ,congruae
547 5005 793 5112 parochorum
812 5005 1060 5099 sustentatiuur
1082 5034 1160 5104 nou
1180 5013 1378 5110 sufficeret.
1418 5015 1506 5105 Hoc
1547 5005 1747 5204 suffles
