3856 5678
440 320 1277 418 Atosrouren..r7oe..1766.
1380 305 1384 311 ’
1494 281 1602 422 σις’

138 542 145 549 ,
168 461 171 464 “
199 461 261 543 De
284 460 326 540 P.
351 459 577 559 Hieronymo
601 460 778 553 Portillo,
801 466 858 559 qui
888 465 1021 559 primus
1042 462 1262 539 Societatem
1288 462 1324 535 in
1350 461 1540 539 Perttvium
1564 466 1620 540 in·

97 569 213 660 rexit,
250 568 426 642 memoria
461 567 643 663 proditum
678 564 725 642 est
752 572 851 655 (c):
891 564 1065 640 Habuerat
1091 567 1130 637 in·
1163 565 1388 641 mandatisa
1427 562 1619 661 Ptaepostto

95 669 267 746 Generali
303 667 374 758 (S.
402 665 591 742 Francisco
616 665 661 742 de
686 665 827 766 ¹borgia
848 672 867 755 )
888 665 1089 756 Postillus,
1124 691 1168 742 ne
1206 666 1443 764 procurandas
1479 670 1617 744 animas

95 771 282 848 curionum
308 793 408 844 more
435 767 643 860 assumeret,
670 767 764 866 qubd
788 794 831 843 ea
853 823 864 860 ,
890 793 1107 865 quamquam
1142 763 1259 843 sanila
1286 768 1498 868 occupatio,
1536 769 1619 845 alie·

94 897 142 946 na
167 868 250 945 esset
277 870 321 945 ab
346 869 507 945 instituto
532 872 742 944 Societatis.
768 870 836 944 Sed
863 895 947 943 cum
971 867 1127 959 Prorex,
1156 889 1295 966 unaque
1323 869 1617 959 dissidentiam
1718 948 1721 955 f

95 973 385 1070 procurationem
411 970 617 1061 deferrent,
652 991 691 1046 ut
718 969 790 1046 stne
826 973 922 1065 graui
949 966 1143 1044 ofsensione
1180 969 1381 1068 sinistraque
1417 969 1514 1046 sama
1540 973 1618 1046 nul·

96 1081 170 1147 lum
196 1092 330 1171 pateret
358 1067 550 1171 effugium,
576 1071 792 1147 subeundum
820 1075 856 1144 in
882 1072 982 1147 breve
1010 1094 1145 1168 tempus
1171 1075 1336 1174 putavit.

197 1172 477 1249 Constitutiones
513 1173 645 1248 habent
682 1173 774 1261 (liz
798 1178 837 1249 In
862 1174 1004 1272 collegiis
1039 1173 1231 1249 societatis
1256 1199 1319 1250 nec
1358 1200 1451 1250 curae
1481 1171 1617 1250 anima·
1756 1221 1781 1239 κ

99 1301 212 1366 rum,
247 1299 360 1372 neque
386 1275 623 1373 obligationes
658 1276 706 1350 ad
729 1275 844 1350 missas
868 1276 1128 1367 celebrandas,
1162 1293 1289 1375 neque
1310 1277 1387 1352 aliae
1417 1275 1619 1368 hujusmodi

98 1378 358 1467 admittantur,
393 1402 469 1473 quae
496 1403 516 1450 a
542 1376 665 1451 studiis
697 1375 888 1451 distrahere
915 1377 1145 1468 admodum,
1171 1382 1274 1452 &ea
1300 1403 1376 1476 quae
1403 1376 1439 1453 in
1477 1379 1544 1453 illis
1573 1378 1620 1453 ad
1754 1445 1756 1448 Α

94 1480 251 1553 divinum
275 1477 480 1575 obsequium
505 1498 729 1575 quaeruntur,
755 1480 925 1573 impedire
947 1477 1081 1553 solent:
1106 1480 1409 1575 quemadmodum
1443 1505 1553 1577 neque
1580 1481 1618 1554 in
1742 1542 1746 1548 ,

94 1578 257 1655 domibus
283 1580 362 1654 aliis
384 1584 439 1657 vel
465 1578 617 1653 ecelesiis
642 1578 830 1653 Societatis
849 1574 1024 1674 professae,
1050 1604 1128 1676 quar
1147 1581 1265 1678 quoad
1291 1580 1363 1667 ejus
1386 1582 1457 1655 fieri
1480 1579 1617 1677 potest,

93 1682 257 1777 expedita
285 1684 329 1757 ad
354 1681 452 1755 Sedis
479 1680 689 1777 Apostolicae
715 1680 893 1755 mistiones
917 1680 1129 1772 obeundas,
1158 1682 1295 1778 aliaque
1320 1706 1427 1781 opera
1465 1686 1511 1757 ad
1544 1683 1617 1759 Dei

94 1781 303 1881 obsequium
329 1789 364 1859 dt
391 1784 593 1873 animatum
619 1785 789 1855 auxilium
815 1779 881 1855 elie
908 1781 1017 1855 debet.
1045 1781 1092 1855 Et
1121 1782 1204 1855 alibi
1231 1787 1318 1871 (c):
1345 1789 1432 1858 Cum
1456 1783 1620 1864 homines

97 1884 200 1973 hujus
223 1883 413 1960 Societatis
437 1877 572 1980 semper
607 1883 720 1979 parati
755 1881 821 1959 esse
858 1884 1008 1978 debeant
1046 1883 1092 1958 ad
1131 1880 1391 1961 discurrendum
1427 1911 1485 1982 per
1521 1884 1620 1984 quas·

96 1986 147 2059 vis
171 1987 294 2061 mundi
321 2005 456 2083 partes,
483 2011 554 2083 quo
579 1981 710 2060 fuerint
736 1985 758 2059 ὲ
783 1985 935 2059 Summo
961 1981 1136 2061 Pontifice
1163 1987 1218 2059 vel
1242 1989 1263 2060 l
1288 1985 1356 2061 suis
1387 1986 1621 2085 superioribus

92 2086 209 2178 mitit,
233 2112 308 2160 non
332 2087 462 2163 debent
487 2111 610 2162 curam
638 2091 868 2178 animarum,
891 2111 1003 2184 neque
1030 2087 1117 2160 item
1145 2089 1333 2162 mulierum
1358 2086 1618 2184 religiosarum,

93 2191 146 2261 vel
174 2189 328 2264 aliatum
353 2212 655 2288 quarumcumque
691 2187 893 2286 suscipere,
930 2210 969 2262 ut
995 2188 1173 2262 ordinarie
1211 2190 1352 2264 illarum
1388 2188 1620 2267 consessiones

93 2292 239 2363 audiant
265 2292 320 2362 vel
345 2289 434 2387 ipsas
460 2313 603 2388 regant;
629 2291 788 2386 quamvis
812 2289 903 2362 nihil
940 2308 1106 2386 repugnet
1133 2287 1239 2366 semel
1275 2293 1379 2367 unius
1413 2290 1618 2370 monasterii

92 2388 327 2464 consessiones
349 2391 398 2467 ob
425 2391 590 2486 speciales
612 2388 735 2466 causas
759 2391 895 2464 audire.

197 2490 245 2565 Et
282 2491 364 2588 quia
400 2489 606 2588 Collegium
639 2488 928 2567 Conimbticense
965 2489 1158 2590 possederat
1194 2492 1408 2569 monasteria
1455 2494 1618 2592 quasdam

91 2617 174 2668 eum
199 2591 353 2667 ecclesiis
380 2593 639 2689 parochialibus
664 2594 831 2685 annexis,
869 2590 1051 2691 quaesitum
1075 2593 1126 2668 est
1152 2596 1189 2668 in
1224 2593 1514 2693 congregatione
1540 2593 1613 2674 Ge·

91 2697 204 2770 nerali
231 2693 352 2769 Prima
388 2699 404 2782 <
415 2696 488 2786 d),
513 2720 560 2769 an
585 2691 668 2771 esset
704 2693 971 2790 dispensandum
1009 2698 1046 2770 in
1072 2693 1418 2789 constitutionibus,
1455 2722 1531 2794 quae
1556 2725 1619 2797 op·

91 2794 248 2892 positum
268 2796 429 2871 videntur
450 2795 619 2889 statuere,
648 2799 703 2870 vel
720 2798 889 2896 quidnam
908 2795 1110 2874 faciendum
1131 2797 1233 2890 esset,
1253 2804 1289 2876 dt
1307 2800 1463 2896 placuit,
1490 2824 1619 2876 amnena

90 2897 240 2971 adbiberi
265 2899 513 2997 diligentiam,
539 2919 578 2972 ut
602 2924 711 2997 quam
738 2901 892 2996 primum
918 2905 953 2974 ὅ(
987 2925 1094 2996 quam
1121 2903 1265 2995 optimo
1298 2902 1410 2977 modo
1435 2897 1510 2976 fieri
1540 2897 1616 3002 pos-

89 2997 165 3091 set,
190 2999 398 3073 liberaretur
414 2999 468 3073 'ab
492 3002 695 3075 animarum
721 3025 803 3073 cura
831 3000 1030 3094 praedibum
1055 3000 1246 3096 collegium.

192 3099 280 3174 Haec
307 3120 429 3175 nutem
455 3125 530 3174 non
555 3102 637 3176 ideo
661 3103 803 3176 decreta
829 3096 927 3175 fuiffe
954 3101 1141 3192 videntur,
1165 3101 1259 3199 quod
1284 3125 1369 3178 cura
1396 3104 1607 3201 parochialis

90 3221 299 3300 repugnaret
326 3203 430 3277 statui
456 3204 694 3298 regularium,
720 3226 806 3275 nam
832 3205 876 3276 de
910 3202 987 3290 iure
1010 3201 1160 3298 antiquo
1183 3203 1257 3290 iarn
1283 3205 1423 3287 dilium.
1449 3204 1534 3298 est,
1570 3209 1615 3283 de
1734 3196 1740 3206 ’

90 3327 187 3378 novo
213 3327 273 3399 pet
299 3303 518 3402 Gregorium
543 3301 649 3381 ΧΙΠ.
677 3305 838 3380 nondum
863 3323 939 3377 erat
967 3302 1170 3397 induerim,
1195 3308 1231 3382 dt
1265 3305 1340 3395 jure
1364 3303 1506 3382 Conciti
1538 3305 1620 3382 Tri·

87 3404 253 3497 dentini,
278 3410 373 3502 quod
399 3432 447 3482 eo
470 3425 631 3502 tempore
656 3407 818 3481 nondum
842 3424 919 3479 etat
944 3401 1220 3497 confirmatum,
1246 3405 1363 3484 solum
1389 3406 1621 3515 praescribitur

90 3510 183 3596 (e),
209 3529 261 3581 ut.
277 3508 322 3581 ab
346 3533 420 3583 uno
445 3504 584 3581 Ordine
611 3510 655 3581 ad
682 3509 794 3582 alium
816 3510 1027 3598 translatus,
1053 3509 1163 3583 etiam
1188 3504 1216 3582 fi
1241 3512 1499 3588 canonicorum
1518 3533 1616 3608 regu·

93 3610 224 3682 larium
251 3604 380 3701 suerit,
408 3609 452 3683 ad
477 3605 646 3685 beneficia
681 3606 858 3683 saecularia
885 3609 1007 3684 etiam·
1033 3629 1158 3684 curata
1180 3612 1334 3684 omnino
1359 3613 1509 3710 incapax
1547 3611 1619 3686 exi·

83 3709 175 3795 liat:
200 3728 309 3808 utque
335 3717 350 3798 <
356 3709 388 3805 f
389 3719 404 3799 >
430 3712 468 3784 in
494 3707 674 3785 beneficiis
709 3714 864 3803 curatis,
899 3734 976 3808 quac
1000 3708 1221 3786 monasteriis
1245 3714 1348 3790 unita
1371 3711 1474 3811 sunt,
1514 3713 1620 3791 Vice-

91 3811 162 3883 rius
189 3812 232 3884 ab
256 3811 453 3888 Ordinatio
478 3811 738 3889 constituatur.

191 3910 263 3988 Sed
288 3937 399 4014 neque
425 3912 594 3990 instituto
617 3915 809 3989 Societatis
834 3917 886 3992 ita
910 3931 987 3990 erat
1012 3936 1209 4010 repugnans
1243 3915 1455 4010 parochialis
1489 3941 1575 3992 cura
1602 3971 1614 4011 ‚

87 4032 128 4090 ut
165 4036 240 4088 non
277 4015 387 4112 posset
414 4015 435 4088 lt
458 4011 648 4112 Praepofito
682 4014 852 4114 &netuli
878 4013 1088 4112 dispensari.
1111 4013 1263 4090 Constat
1299 4016 1369 4092 hoc
1396 4041 1440 4092 cr
1473 4018 1620 4097 decreto

91 4135 176 4211 139.
202 4113 503 4215 Congregationis
537 4115 724 4192 Generalis
748 4116 778 4192 1.
814 4117 885 4193 ibi:
924 4124 981 4190 An
995 4119 1046 4204 stt
1072 4118 1358 4194 exterminandus
1393 4117 1620 4195 eSocietate

86 4241 166 4292 mos
193 4219 252 4294 ille
278 4218 489 4294 admittendi
514 4217 683 4294 beneficia
708 4241 834 4296 curata
860 4222 915 4295 vel
939 4216 1134 4317 simplicia,
1157 4244 1235 4318 quae
1257 4219 1384 4296 nostris
1408 4222 1454 4297 ad
1481 4240 1621 4315 tempus

87 4315 339 4395 conferuntur.
365 4319 604 4396 Commissum
639 4320 752 4396 etiam
777 4319 846 4398 suit
871 4319 1063 4419 Praepostto
1086 4376 1097 4410 ,
1122 4325 1181 4419 qui
1209 4321 1354 4414 statuit,
1382 4343 1423 4398 ut
1458 4347 1534 4398 non
1561 4325 1620 4400 ad·
1685 4402 1689 4409 ,

89 4422 316 4496 mitterentur
342 4419 511 4496 beneficia
547 4420 620 4496 line
656 4423 800 4498 licentia
825 4420 1004 4522 Ptaeposrti
1039 4422 1254 4516 Generalis,
1280 4448 1386 4520 quem
1423 4422 1621 4500 informare

86 4523 267 4620 oportebit
292 4524 337 4599 de
363 4521 551 4614 scandalo,
587 4521 614 4596 st
650 4525 749 4621 quod
772 4521 911 4617 suerit,
935 4527 992 4600 vel
1019 4521 1237 4616 timebatur,
1268 4525 1372 4602 &de
1399 4543 1476 4602 tota
1514 4551 1551 4603 re
1576 4544 1617 4602 ut

71 4625 207 4700 ‘videat
234 4649 283 4701 an
306 4619 494 4726 dispensati
519 4641 687 4724 operteat.
1523 4727 1555 4805 E

251 4793 254 4798 .
1475 4797 1482 4801 .
1557 4748 1571 4806 t

63 4855 637 4987 -ῖὶῌιᾙωῆμλιηκιη,
660 4939 725 4984 ²75·
766 4917 1198 4991 (b)Const.Soc·P.4.cap.
1223 4921 1294 4980 nt.
1317 4941 1345 4985 4.

122 4989 469 5145 {gg-[bycffldylp-
493 4997 563 5066 Μ·
587 5018 613 5060 s·
654 4997 713 5067 (d)
735 4998 813 5054 C·1·
836 4998 1005 5065 Dect-121.
1046 4994 1289 5068 (etht'd-seff.
1313 5014 1443 5065 epm·
1472 5009 1521 5052 tr.

1397 5213 1477 5255 xp,
