<?xml version="1.0" encoding="UTF-8"?>
<!DOCTYPE html PUBLIC "-//W3C//DTD XHTML 1.0 Transitional//EN"
    "http://www.w3.org/TR/xhtml1/DTD/xhtml1-transitional.dtd">
<html xmlns="http://www.w3.org/1999/xhtml" xml:lang="en" lang="en">
 <head>
  <title>
</title>
<meta http-equiv="Content-Type" content="text/html;charset=utf-8" />
  <meta name='ocr-system' content='tesseract 3.04.00' />
  <meta name='ocr-capabilities' content='ocr_page ocr_carea ocr_par ocr_line ocrx_word'/>
</head>
<body>
  <div class='ocr_page' id='page_1' title='image "./fastinoviorbise00moregoog_0224.png"; bbox 0 0 3856 5678; ppageno 0'>
   <div class='ocr_carea' id='block_1_1' title="bbox 559 310 1699 413">
    <p class='ocr_par' dir='ltr' id='par_1_1' title="bbox 559 310 1699 413">
     <span class='ocr_line' id='line_1_1' title="bbox 559 310 1699 413; baseline -0.003 -23"><span class='ocrx_word' id='word_1_1' title='bbox 559 310 1067 392; x_wconf 67' lang='lat' dir='ltr'>Atosrorlcie.</span> <span class='ocrx_word' id='word_1_2' title='bbox 1123 338 1232 413; x_wconf 84' lang='lat'>1500.</span> <span class='ocrx_word' id='word_1_3' title='bbox 1288 322 1397 411; x_wconf 82' lang='lat'>15⁶3·</span> <span class='ocrx_word' id='word_1_4' title='bbox 1624 333 1699 412; x_wconf 77' lang='lat'>213</span> 
     </span>
    </p>
   </div>
   <div class='ocr_carea' id='block_1_2' title="bbox 206 451 1817 2784">
    <p class='ocr_par' dir='ltr' id='par_1_2' title="bbox 226 451 1776 1364">
     <span class='ocr_line' id='line_1_2' title="bbox 226 451 1758 555; baseline -0.001 -27"><span class='ocrx_word' id='word_1_5' title='bbox 226 476 334 554; x_wconf 82' lang='lat' dir='ltr'>quens</span> <span class='ocrx_word' id='word_1_6' title='bbox 359 477 471 552; x_wconf 88' lang='lat' dir='ltr'>neque</span> <span class='ocrx_word' id='word_1_7' title='bbox 497 456 718 555; x_wconf 81' lang='lat' dir='ltr'>indulgentia</span> <span class='ocrx_word' id='word_1_8' title='bbox 745 479 856 553; x_wconf 90' lang='lat' dir='ltr'>neque</span> <span class='ocrx_word' id='word_1_9' title='bbox 881 454 1020 546; x_wconf 81' lang='lat' dir='ltr'>jubiiaeo</span> <span class='ocrx_word' id='word_1_10' title='bbox 1045 453 1138 547; x_wconf 90' lang='lat' dir='ltr'>frui,</span> <span class='ocrx_word' id='word_1_11' title='bbox 1168 456 1352 530; x_wconf 90' lang='lat' dir='ltr'>dum·non</span> <span class='ocrx_word' id='word_1_12' title='bbox 1380 451 1592 544; x_wconf 84' lang='lat' dir='ltr'>absolvitur,</span> <span class='ocrx_word' id='word_1_13' title='bbox 1619 455 1758 549; x_wconf 81' lang='lat' dir='ltr'>licctje-</span> 
     </span>
     <span class='ocr_line' id='line_1_3' title="bbox 230 554 1759 655; baseline 0 -25"><span class='ocrx_word' id='word_1_14' title='bbox 230 558 345 648; x_wconf 84' lang='lat' dir='ltr'>iuuet,</span> <span class='ocrx_word' id='word_1_15' title='bbox 372 580 470 649; x_wconf 89' lang='lat' dir='ltr'>oret,</span> <span class='ocrx_word' id='word_1_16' title='bbox 497 559 816 654; x_wconf 82' lang='lat' dir='ltr'>&amp;eleemosynam</span> <span class='ocrx_word' id='word_1_17' title='bbox 851 558 1044 655; x_wconf 81' lang='lat' dir='ltr'>largiatur.</span> <span class='ocrx_word' id='word_1_18' title='bbox 1072 557 1130 632; x_wconf 90' lang='lat' dir='ltr'>Ita</span> <span class='ocrx_word' id='word_1_19' title='bbox 1167 559 1229 632; x_wconf 91' lang='lat' dir='ltr'>cit.</span> <span class='ocrx_word' id='word_1_20' title='bbox 1258 558 1479 652; x_wconf 80' lang='lat' dir='ltr'>Rodrigucz.</span> <span class='ocrx_word' id='word_1_21' title='bbox 1516 554 1585 629; x_wconf 90' lang='lat' dir='ltr'>Sed</span> <span class='ocrx_word' id='word_1_22' title='bbox 1623 555 1759 654; x_wconf 90' lang='lat' dir='ltr'>opposi-</span> 
     </span>
     <span class='ocr_line' id='line_1_4' title="bbox 232 657 1760 758; baseline 0.003 -27"><span class='ocrx_word' id='word_1_23' title='bbox 232 679 308 732; x_wconf 89' lang='lat' dir='ltr'>tum</span> <span class='ocrx_word' id='word_1_24' title='bbox 334 659 471 734; x_wconf 91' lang='lat' dir='ltr'>videtur</span> <span class='ocrx_word' id='word_1_25' title='bbox 496 658 561 734; x_wconf 85' lang='lat' dir='ltr'>elle</span> <span class='ocrx_word' id='word_1_26' title='bbox 587 662 817 758; x_wconf 84' lang='lat' dir='ltr'>probabilius.</span> <span class='ocrx_word' id='word_1_27' title='bbox 844 660 882 734; x_wconf 94' lang='lat' dir='ltr'>Si</span> <span class='ocrx_word' id='word_1_28' title='bbox 919 661 1018 732; x_wconf 87' lang='lat' dir='ltr'>enirn</span> <span class='ocrx_word' id='word_1_29' title='bbox 1054 661 1381 736; x_wconf 82' lang='lat' dir='ltr'>excommunicatus</span> <span class='ocrx_word' id='word_1_30' title='bbox 1419 657 1535 732; x_wconf 87' lang='lat' dir='ltr'>adhuc</span> <span class='ocrx_word' id='word_1_31' title='bbox 1572 657 1687 730; x_wconf 84' lang='lat' dir='ltr'>vivens</span> <span class='ocrx_word' id='word_1_32' title='bbox 1723 663 1760 735; x_wconf 75' lang='grc' dir='ltr'>ὅ(</span> 
     </span>
     <span class='ocr_line' id='line_1_5' title="bbox 230 755 1758 860; baseline -0.001 -27"><span class='ocrx_word' id='word_1_33' title='bbox 230 761 422 851; x_wconf 89' lang='lat' dir='ltr'>contritus,</span> <span class='ocrx_word' id='word_1_34' title='bbox 450 786 640 860; x_wconf 90' lang='lat' dir='ltr'>perquem</span> <span class='ocrx_word' id='word_1_35' title='bbox 666 788 740 839; x_wconf 93' lang='lat' dir='ltr'>non</span> <span class='ocrx_word' id='word_1_36' title='bbox 766 760 832 836; x_wconf 89' lang='lat' dir='ltr'>star</span> <span class='ocrx_word' id='word_1_37' title='bbox 858 763 1046 858; x_wconf 86' lang='lat' dir='ltr'>quominus</span> <span class='ocrx_word' id='word_1_38' title='bbox 1072 759 1224 834; x_wconf 78' lang='lat' dir='ltr'>ecclc-site</span> <span class='ocrx_word' id='word_1_39' title='bbox 1248 760 1513 833; x_wconf 90' lang='lat' dir='ltr'>communioni·</span> <span class='ocrx_word' id='word_1_40' title='bbox 1534 755 1758 851; x_wconf 86' lang='lat' dir='ltr'>restituatur,</span> 
     </span>
     <span class='ocr_line' id='line_1_6' title="bbox 231 861 1759 961; baseline 0.001 -28"><span class='ocrx_word' id='word_1_41' title='bbox 231 861 455 957; x_wconf 83' lang='lat' dir='ltr'>probabiliter</span> <span class='ocrx_word' id='word_1_42' title='bbox 482 862 581 948; x_wconf 87' lang='lat' dir='ltr'>iuxta</span> <span class='ocrx_word' id='word_1_43' title='bbox 604 863 807 938; x_wconf 88' lang='lat' dir='ltr'>Navarrum</span> <span class='ocrx_word' id='word_1_44' title='bbox 843 870 879 942; x_wconf 77' lang='lat' dir='ltr'>dt</span> <span class='ocrx_word' id='word_1_45' title='bbox 901 862 948 938; x_wconf 73' lang='lat' dir='ltr'>Sa</span> <span class='ocrx_word' id='word_1_46' title='bbox 974 865 1099 937; x_wconf 88' lang='lat' dir='ltr'>luctari</span> <span class='ocrx_word' id='word_1_47' title='bbox 1139 861 1252 961; x_wconf 82' lang='lat' dir='ltr'>potest</span> <span class='ocrx_word' id='word_1_48' title='bbox 1288 862 1523 958; x_wconf 80' lang='lat' dir='ltr'>indulgentias</span> <span class='ocrx_word' id='word_1_49' title='bbox 1560 861 1759 957; x_wconf 89' lang='lat' dir='ltr'>operibus,</span> 
     </span>
     <span class='ocr_line' id='line_1_7' title="bbox 230 960 1757 1062; baseline -0.001 -26"><span class='ocrx_word' id='word_1_50' title='bbox 230 987 300 1059; x_wconf 80' lang='lat' dir='ltr'>quac</span> <span class='ocrx_word' id='word_1_51' title='bbox 326 964 425 1038; x_wconf 76' lang='lat' dir='ltr'>licite</span> <span class='ocrx_word' id='word_1_52' title='bbox 449 987 611 1057; x_wconf 86' lang='lat' dir='ltr'>exercet,</span> <span class='ocrx_word' id='word_1_53' title='bbox 638 987 813 1057; x_wconf 84' lang='lat' dir='ltr'>amiexas,</span> <span class='ocrx_word' id='word_1_54' title='bbox 837 990 882 1038; x_wconf 92' lang='lat' dir='ltr'>eo</span> <span class='ocrx_word' id='word_1_55' title='bbox 908 962 1003 1062; x_wconf 76' lang='lat' dir='ltr'>quod</span> <span class='ocrx_word' id='word_1_56' title='bbox 1030 962 1076 1036; x_wconf 88' lang='lat' dir='ltr'>fic</span> <span class='ocrx_word' id='word_1_57' title='bbox 1102 965 1290 1062; x_wconf 81' lang='lat' dir='ltr'>prudenter</span> <span class='ocrx_word' id='word_1_58' title='bbox 1327 960 1544 1058; x_wconf 83' lang='lat' dir='ltr'>praesumitur</span> <span class='ocrx_word' id='word_1_59' title='bbox 1581 962 1625 1034; x_wconf 90' lang='lat' dir='ltr'>de</span> <span class='ocrx_word' id='word_1_60' title='bbox 1662 963 1757 1036; x_wconf 85' lang='lat' dir='ltr'>beni-</span> 
     </span>
     <span class='ocr_line' id='line_1_8' title="bbox 230 1061 1776 1160; baseline 0 -23"><span class='ocrx_word' id='word_1_61' title='bbox 230 1087 293 1160; x_wconf 89' lang='lat' dir='ltr'>gna</span> <span class='ocrx_word' id='word_1_62' title='bbox 320 1061 473 1139; x_wconf 82' lang='lat' dir='ltr'>ecclesiae</span> <span class='ocrx_word' id='word_1_63' title='bbox 510 1067 725 1158; x_wconf 88' lang='lat' dir='ltr'>voluntate,</span> <span class='ocrx_word' id='word_1_64' title='bbox 763 1088 801 1139; x_wconf 93' lang='lat' dir='ltr'>ur</span> <span class='ocrx_word' id='word_1_65' title='bbox 826 1067 934 1139; x_wconf 82' lang='lat' dir='ltr'>habet</span> <span class='ocrx_word' id='word_1_66' title='bbox 962 1063 1115 1139; x_wconf 83' lang='lat' dir='ltr'>Lactoiic</span> <span class='ocrx_word' id='word_1_67' title='bbox 1150 1070 1249 1154; x_wconf 82' lang='lat' dir='ltr'>(a);</span> <span class='ocrx_word' id='word_1_68' title='bbox 1276 1083 1412 1160; x_wconf 90' lang='lat' dir='ltr'>quanto</span> <span class='ocrx_word' id='word_1_69' title='bbox 1450 1063 1561 1160; x_wconf 85' lang='lat' dir='ltr'>magis</span> <span class='ocrx_word' id='word_1_70' title='bbox 1600 1064 1636 1134; x_wconf 91' lang='lat' dir='ltr'>in</span> <span class='ocrx_word' id='word_1_71' title='bbox 1675 1061 1776 1138; x_wconf 61' lang='lat' dir='ltr'>casuv</span> 
     </span>
     <span class='ocr_line' id='line_1_9' title="bbox 229 1161 1752 1264; baseline 0.001 -29"><span class='ocrx_word' id='word_1_72' title='bbox 229 1162 341 1240; x_wconf 92' lang='lat' dir='ltr'>nostro</span> <span class='ocrx_word' id='word_1_73' title='bbox 378 1166 523 1264; x_wconf 91' lang='lat' dir='ltr'>quando</span> <span class='ocrx_word' id='word_1_74' title='bbox 558 1166 701 1242; x_wconf 85' lang='lat' dir='ltr'>ecclefia</span> <span class='ocrx_word' id='word_1_75' title='bbox 739 1167 928 1257; x_wconf 83' lang='lat' dir='ltr'>declarat,</span> <span class='ocrx_word' id='word_1_76' title='bbox 968 1166 1194 1262; x_wconf 73' lang='lat' dir='ltr'>indulgentiae</span> <span class='ocrx_word' id='word_1_77' title='bbox 1229 1163 1390 1239; x_wconf 91' lang='lat' dir='ltr'>savorem</span> <span class='ocrx_word' id='word_1_78' title='bbox 1427 1164 1570 1259; x_wconf 85' lang='lat' dir='ltr'>perinde</span> <span class='ocrx_word' id='word_1_79' title='bbox 1596 1161 1752 1260; x_wconf 84' lang='lat' dir='ltr'>prodesse</span> 
     </span>
     <span class='ocr_line' id='line_1_10' title="bbox 232 1261 1549 1364; baseline -0.003 -24"><span class='ocrx_word' id='word_1_80' title='bbox 232 1261 322 1340; x_wconf 90' lang='lat' dir='ltr'>Indis</span> <span class='ocrx_word' id='word_1_81' title='bbox 349 1291 391 1340; x_wconf 89' lang='lat' dir='ltr'>ac</span> <span class='ocrx_word' id='word_1_82' title='bbox 418 1264 445 1340; x_wconf 92' lang='lat' dir='ltr'>si</span> <span class='ocrx_word' id='word_1_83' title='bbox 471 1264 692 1343; x_wconf 88' lang='lat' dir='ltr'>confessionis</span> <span class='ocrx_word' id='word_1_84' title='bbox 718 1269 1042 1345; x_wconf 85' lang='lat' dir='ltr'>&amp;communionis</span> <span class='ocrx_word' id='word_1_85' title='bbox 1068 1267 1286 1341; x_wconf 85' lang='lat' dir='ltr'>sacramenta</span> <span class='ocrx_word' id='word_1_86' title='bbox 1312 1262 1549 1364; x_wconf 87' lang='lat' dir='ltr'>suscepissent.</span> 
     </span>
    </p>

    <p class='ocr_par' dir='ltr' id='par_1_3' title="bbox 206 1364 1817 2784">
     <span class='ocr_line' id='line_1_11' title="bbox 326 1364 1755 1468; baseline 0 -28"><span class='ocrx_word' id='word_1_87' title='bbox 326 1365 383 1440; x_wconf 85' lang='lat' dir='ltr'>iii.</span> <span class='ocrx_word' id='word_1_88' title='bbox 412 1367 541 1445; x_wconf 89' lang='lat' dir='ltr'>Monte</span> <span class='ocrx_word' id='word_1_89' title='bbox 567 1394 652 1468; x_wconf 89' lang='lat' dir='ltr'>egro</span> <span class='ocrx_word' id='word_1_90' title='bbox 678 1374 791 1445; x_wconf 87' lang='lat' dir='ltr'>relato</span> <span class='ocrx_word' id='word_1_91' title='bbox 828 1371 898 1446; x_wconf 88' lang='lat' dir='ltr'>hoc</span> <span class='ocrx_word' id='word_1_92' title='bbox 924 1368 1097 1443; x_wconf 90' lang='lat' dir='ltr'>Indorum</span> <span class='ocrx_word' id='word_1_93' title='bbox 1122 1369 1304 1466; x_wconf 87' lang='lat' dir='ltr'>privilegio</span> <span class='ocrx_word' id='word_1_94' title='bbox 1332 1370 1413 1456; x_wconf 69' lang='lat' dir='ltr'>&lt;bl</span> <span class='ocrx_word' id='word_1_95' title='bbox 1437 1364 1584 1441; x_wconf 86' lang='lat' dir='ltr'>subdit:</span> <span class='ocrx_word' id='word_1_96' title='bbox 1622 1374 1687 1440; x_wconf 86' lang='lat' dir='ltr'>Por</span> <span class='ocrx_word' id='word_1_97' title='bbox 1722 1369 1755 1441; x_wconf 83' lang='lat' dir='ltr'>lo</span> 
     </span>
     <span class='ocr_line' id='line_1_12' title="bbox 231 1390 1754 1570; baseline 0 -28"><span class='ocrx_word' id='word_1_98' title='bbox 231 1471 304 1564; x_wconf 77' lang='lat' dir='ltr'>quar</span> <span class='ocrx_word' id='word_1_99' title='bbox 324 1492 376 1543; x_wconf 90' lang='lat' dir='ltr'>no</span> <span class='ocrx_word' id='word_1_100' title='bbox 401 1492 438 1542; x_wconf 86' lang='lat' dir='ltr'>es</span> <span class='ocrx_word' id='word_1_101' title='bbox 463 1390 674 1564; x_wconf 72' lang='lat' dir='ltr'>uccellano,</span> <span class='ocrx_word' id='word_1_102' title='bbox 700 1497 767 1570; x_wconf 91' lang='lat' dir='ltr'>que</span> <span class='ocrx_word' id='word_1_103' title='bbox 792 1475 843 1546; x_wconf 90' lang='lat' dir='ltr'>los</span> <span class='ocrx_word' id='word_1_104' title='bbox 872 1470 994 1544; x_wconf 88' lang='lat' dir='ltr'>ludios</span> <span class='ocrx_word' id='word_1_105' title='bbox 1020 1490 1142 1545; x_wconf 89' lang='lat' dir='ltr'>tomen</span> <span class='ocrx_word' id='word_1_106' title='bbox 1169 1473 1203 1544; x_wconf 85' lang='lat' dir='ltr'>la</span> <span class='ocrx_word' id='word_1_107' title='bbox 1228 1470 1308 1542; x_wconf 88' lang='lat' dir='ltr'>bula</span> <span class='ocrx_word' id='word_1_108' title='bbox 1335 1469 1377 1543; x_wconf 89' lang='lat' dir='ltr'>de</span> <span class='ocrx_word' id='word_1_109' title='bbox 1415 1471 1450 1542; x_wconf 87' lang='lat' dir='ltr'>la</span> <span class='ocrx_word' id='word_1_110' title='bbox 1476 1467 1754 1559; x_wconf 83' lang='lat' dir='ltr'>Cruzada.Non</span> 
     </span>
     <span class='ocr_line' id='line_1_13' title="bbox 230 1567 1755 1669; baseline -0.001 -26"><span class='ocrx_word' id='word_1_111' title='bbox 230 1587 347 1644; x_wconf 85' lang='lat' dir='ltr'>tamen</span> <span class='ocrx_word' id='word_1_112' title='bbox 372 1571 522 1666; x_wconf 82' lang='lat' dir='ltr'>explicat</span> <span class='ocrx_word' id='word_1_113' title='bbox 547 1574 725 1646; x_wconf 87' lang='lat' dir='ltr'>rationem</span> <span class='ocrx_word' id='word_1_114' title='bbox 751 1596 857 1668; x_wconf 90' lang='lat' dir='ltr'>quare</span> <span class='ocrx_word' id='word_1_115' title='bbox 885 1572 963 1645; x_wconf 89' lang='lat' dir='ltr'>lndi</span> <span class='ocrx_word' id='word_1_116' title='bbox 977 1572 1021 1643; x_wconf 91' lang='lat' dir='ltr'>ad</span> <span class='ocrx_word' id='word_1_117' title='bbox 1046 1570 1148 1659; x_wconf 85' lang='lat' dir='ltr'>hujus</span> <span class='ocrx_word' id='word_1_118' title='bbox 1173 1573 1294 1669; x_wconf 82' lang='lat' dir='ltr'>gratiae</span> <span class='ocrx_word' id='word_1_119' title='bbox 1319 1567 1467 1644; x_wconf 61' lang='lat' dir='ltr'>frustum</span> <span class='ocrx_word' id='word_1_120' title='bbox 1493 1569 1755 1669; x_wconf 78' lang='lat' dir='ltr'>percipiendum</span> 
     </span>
     <span class='ocr_line' id='line_1_14' title="bbox 226 1666 1755 1769; baseline 0.001 -27"><span class='ocrx_word' id='word_1_121' title='bbox 226 1666 317 1746; x_wconf 86' lang='lat' dir='ltr'>bulla</span> <span class='ocrx_word' id='word_1_122' title='bbox 343 1669 521 1746; x_wconf 84' lang='lat' dir='ltr'>Cruciatae</span> <span class='ocrx_word' id='word_1_123' title='bbox 547 1699 621 1747; x_wconf 92' lang='lat' dir='ltr'>non</span> <span class='ocrx_word' id='word_1_124' title='bbox 655 1675 868 1767; x_wconf 84' lang='lat' dir='ltr'>indigeant.</span> <span class='ocrx_word' id='word_1_125' title='bbox 903 1673 974 1746; x_wconf 88' lang='lat' dir='ltr'>Sed</span> <span class='ocrx_word' id='word_1_126' title='bbox 1009 1697 1120 1769; x_wconf 91' lang='lat' dir='ltr'>neque</span> <span class='ocrx_word' id='word_1_127' title='bbox 1156 1673 1366 1747; x_wconf 85' lang='lat' dir='ltr'>Solorzanus</span> <span class='ocrx_word' id='word_1_128' title='bbox 1392 1675 1429 1746; x_wconf 92' lang='lat' dir='ltr'>in</span> <span class='ocrx_word' id='word_1_129' title='bbox 1453 1672 1534 1742; x_wconf 92' lang='lat' dir='ltr'>loco</span> <span class='ocrx_word' id='word_1_130' title='bbox 1570 1672 1615 1742; x_wconf 87' lang='lat' dir='ltr'>ad</span> <span class='ocrx_word' id='word_1_131' title='bbox 1649 1695 1755 1767; x_wconf 82' lang='lat' dir='ltr'>quent</span> 
     </span>
     <span class='ocr_line' id='line_1_15' title="bbox 224 1767 1754 1870; baseline -0.001 -25"><span class='ocrx_word' id='word_1_132' title='bbox 224 1767 465 1870; x_wconf 90' lang='lat' dir='ltr'>Montenegro</span> <span class='ocrx_word' id='word_1_133' title='bbox 501 1797 565 1847; x_wconf 90' lang='lat' dir='ltr'>nos</span> <span class='ocrx_word' id='word_1_134' title='bbox 603 1776 785 1849; x_wconf 87' lang='lat' dir='ltr'>remittit.</span> <span class='ocrx_word' id='word_1_135' title='bbox 819 1769 927 1868; x_wconf 85' lang='lat' dir='ltr'>Quod</span> <span class='ocrx_word' id='word_1_136' title='bbox 954 1771 1029 1847; x_wconf 93' lang='lat' dir='ltr'>solo</span> <span class='ocrx_word' id='word_1_137' title='bbox 1063 1774 1192 1863; x_wconf 85' lang='lat' dir='ltr'>jejunio</span> <span class='ocrx_word' id='word_1_138' title='bbox 1218 1768 1417 1847; x_wconf 85' lang='lat' dir='ltr'>satisfacere</span> <span class='ocrx_word' id='word_1_139' title='bbox 1454 1772 1641 1863; x_wconf 89' lang='lat' dir='ltr'>dicantur,</span> <span class='ocrx_word' id='word_1_140' title='bbox 1678 1796 1754 1845; x_wconf 93' lang='lat' dir='ltr'>non</span> 
     </span>
     <span class='ocr_line' id='line_1_16' title="bbox 223 1865 1752 1969; baseline -0.002 -22"><span class='ocrx_word' id='word_1_141' title='bbox 223 1865 375 1964; x_wconf 89' lang='lat' dir='ltr'>sufficit,</span> <span class='ocrx_word' id='word_1_142' title='bbox 401 1875 591 1969; x_wconf 88' lang='lat' dir='ltr'>requiritur.</span> <span class='ocrx_word' id='word_1_143' title='bbox 627 1877 722 1949; x_wconf 89' lang='lat' dir='ltr'>enim</span> <span class='ocrx_word' id='word_1_144' title='bbox 747 1874 915 1964; x_wconf 83' lang='lat' dir='ltr'>jejunium</span> <span class='ocrx_word' id='word_1_145' title='bbox 950 1872 1064 1948; x_wconf 89' lang='lat' dir='ltr'>solum</span> <span class='ocrx_word' id='word_1_146' title='bbox 1091 1878 1136 1948; x_wconf 83' lang='lat' dir='ltr'>nd</span> <span class='ocrx_word' id='word_1_147' title='bbox 1171 1873 1427 1948; x_wconf 83' lang='lat' dir='ltr'>excludendam</span> <span class='ocrx_word' id='word_1_148' title='bbox 1463 1868 1752 1963; x_wconf 70' lang='lat' dir='ltr'>consensionem,</span> 
     </span>
     <span class='ocr_line' id='line_1_17' title="bbox 220 1972 1817 2075; baseline -0.003 -26"><span class='ocrx_word' id='word_1_149' title='bbox 220 1973 333 2073; x_wconf 82' lang='lat' dir='ltr'>quain</span> <span class='ocrx_word' id='word_1_150' title='bbox 359 1976 550 2051; x_wconf 75' lang='lat' dir='ltr'>commode</span> <span class='ocrx_word' id='word_1_151' title='bbox 575 1973 690 2050; x_wconf 78' lang='lat' dir='ltr'>secere</span> <span class='ocrx_word' id='word_1_152' title='bbox 715 1997 915 2074; x_wconf 79' lang='lat' dir='ltr'>nequeunt,</span> <span class='ocrx_word' id='word_1_153' title='bbox 940 1976 1083 2075; x_wconf 89' lang='lat' dir='ltr'>quando</span> <span class='ocrx_word' id='word_1_154' title='bbox 1107 2000 1181 2049; x_wconf 87' lang='lat' dir='ltr'>non</span> <span class='ocrx_word' id='word_1_155' title='bbox 1200 1976 1304 2050; x_wconf 86' lang='lat' dir='ltr'>aliud</span> <span class='ocrx_word' id='word_1_156' title='bbox 1329 1974 1547 2071; x_wconf 83' lang='lat' dir='ltr'>indulgentia</span> <span class='ocrx_word' id='word_1_157' title='bbox 1574 1972 1751 2070; x_wconf 64' lang='lat' dir='ltr'>requiriN,</span> <span class='ocrx_word' id='word_1_158' title='bbox 1815 2012 1817 2018; x_wconf 95' lang='lat'>·</span> 
     </span>
     <span class='ocr_line' id='line_1_18' title="bbox 217 2074 1753 2175; baseline -0.001 -27"><span class='ocrx_word' id='word_1_159' title='bbox 217 2098 330 2175; x_wconf 81' lang='lat' dir='ltr'>quain</span> <span class='ocrx_word' id='word_1_160' title='bbox 357 2074 630 2168; x_wconf 82' lang='lat' dir='ltr'>consessionem,</span> <span class='ocrx_word' id='word_1_161' title='bbox 668 2081 981 2159; x_wconf 81' lang='lat' dir='ltr'>communionem,</span> <span class='ocrx_word' id='word_1_162' title='bbox 1019 2081 1054 2153; x_wconf 81' lang='lat' dir='ltr'>dt</span> <span class='ocrx_word' id='word_1_163' title='bbox 1086 2077 1276 2168; x_wconf 80' lang='lat' dir='ltr'>jejunium,</span> <span class='ocrx_word' id='word_1_164' title='bbox 1303 2102 1374 2173; x_wconf 91' lang='lat' dir='ltr'>quo</span> <span class='ocrx_word' id='word_1_165' title='bbox 1411 2101 1483 2147; x_wconf 92' lang='lat' dir='ltr'>non</span> <span class='ocrx_word' id='word_1_166' title='bbox 1519 2074 1753 2148; x_wconf 81' lang='lat' dir='ltr'>excluduntur</span> 
     </span>
     <span class='ocr_line' id='line_1_19' title="bbox 215 2172 1751 2282; baseline -0.003 -31"><span class='ocrx_word' id='word_1_167' title='bbox 215 2201 333 2274; x_wconf 88' lang='lat' dir='ltr'>opera</span> <span class='ocrx_word' id='word_1_168' title='bbox 360 2179 445 2251; x_wconf 84' lang='lat' dir='ltr'>alias</span> <span class='ocrx_word' id='word_1_169' title='bbox 470 2176 655 2277; x_wconf 88' lang='lat' dir='ltr'>requisita,</span> <span class='ocrx_word' id='word_1_170' title='bbox 682 2199 722 2253; x_wconf 89' lang='lat' dir='ltr'>ut</span> <span class='ocrx_word' id='word_1_171' title='bbox 748 2181 790 2253; x_wconf 88' lang='lat' dir='ltr'>de</span> <span class='ocrx_word' id='word_1_172' title='bbox 816 2175 1035 2271; x_wconf 83' lang='lat' dir='ltr'>eleemosyna</span> <span class='ocrx_word' id='word_1_173' title='bbox 1062 2178 1176 2268; x_wconf 85' lang='lat' dir='ltr'>ajebat</span> <span class='ocrx_word' id='word_1_174' title='bbox 1201 2202 1309 2274; x_wconf 86' lang='lat' dir='ltr'>nuper</span> <span class='ocrx_word' id='word_1_175' title='bbox 1334 2175 1562 2282; x_wconf 67' lang='lat' dir='ltr'>Rodericiiis.</span> <span class='ocrx_word' id='word_1_176' title='bbox 1591 2174 1685 2251; x_wconf 88' lang='lat' dir='ltr'>Illud</span> <span class='ocrx_word' id='word_1_177' title='bbox 1703 2172 1751 2248; x_wconf 89' lang='lat' dir='ltr'>est</span> 
     </span>
     <span class='ocr_line' id='line_1_20' title="bbox 216 2278 1749 2380; baseline -0.002 -29"><span class='ocrx_word' id='word_1_178' title='bbox 216 2299 382 2369; x_wconf 89' lang='lat' dir='ltr'>certum,</span> <span class='ocrx_word' id='word_1_179' title='bbox 409 2281 503 2380; x_wconf 91' lang='lat' dir='ltr'>quod</span> <span class='ocrx_word' id='word_1_180' title='bbox 530 2278 555 2352; x_wconf 95' lang='lat' dir='ltr'>si</span> <span class='ocrx_word' id='word_1_181' title='bbox 581 2281 661 2354; x_wconf 90' lang='lat' dir='ltr'>Indi</span> <span class='ocrx_word' id='word_1_182' title='bbox 687 2279 841 2354; x_wconf 87' lang='lat' dir='ltr'>habeant</span> <span class='ocrx_word' id='word_1_183' title='bbox 865 2278 1043 2356; x_wconf 85' lang='lat' dir='ltr'>Cruciatae</span> <span class='ocrx_word' id='word_1_184' title='bbox 1069 2279 1226 2370; x_wconf 87' lang='lat' dir='ltr'>bullam,</span> <span class='ocrx_word' id='word_1_185' title='bbox 1252 2280 1393 2374; x_wconf 90' lang='lat' dir='ltr'>quando</span> <span class='ocrx_word' id='word_1_186' title='bbox 1419 2280 1576 2369; x_wconf 81' lang='lat' dir='ltr'>jejunant</span> <span class='ocrx_word' id='word_1_187' title='bbox 1602 2282 1637 2353; x_wconf 80' lang='lat' dir='ltr'>bt</span> <span class='ocrx_word' id='word_1_188' title='bbox 1672 2301 1749 2349; x_wconf 90' lang='lat' dir='ltr'>cor·</span> 
     </span>
     <span class='ocr_line' id='line_1_21' title="bbox 213 2374 1747 2479; baseline 0 -28"><span class='ocrx_word' id='word_1_189' title='bbox 213 2377 264 2451; x_wconf 88' lang='lat' dir='ltr'>de</span> <span class='ocrx_word' id='word_1_190' title='bbox 292 2398 557 2473; x_wconf 87' lang='lat' dir='ltr'>conteruntur,</span> <span class='ocrx_word' id='word_1_191' title='bbox 593 2383 751 2479; x_wconf 90' lang='lat' dir='ltr'>quamvis</span> <span class='ocrx_word' id='word_1_192' title='bbox 777 2382 862 2456; x_wconf 92' lang='lat' dir='ltr'>dum</span> <span class='ocrx_word' id='word_1_193' title='bbox 899 2377 1121 2454; x_wconf 86' lang='lat' dir='ltr'>consessionis</span> <span class='ocrx_word' id='word_1_194' title='bbox 1156 2386 1192 2457; x_wconf 77' lang='grc' dir='ltr'>δι</span> <span class='ocrx_word' id='word_1_195' title='bbox 1229 2379 1501 2456; x_wconf 70' lang='lat' dir='ltr'>communionis</span> <span class='ocrx_word' id='word_1_196' title='bbox 1528 2374 1747 2451; x_wconf 85' lang='lat' dir='ltr'>sacramenta</span> 
     </span>
     <span class='ocr_line' id='line_1_22' title="bbox 206 2478 1749 2578; baseline -0.001 -25"><span class='ocrx_word' id='word_1_197' title='bbox 206 2478 292 2566; x_wconf 77' lang='lat' dir='ltr'>jam</span> <span class='ocrx_word' id='word_1_198' title='bbox 320 2481 506 2556; x_wconf 74' lang='lat' dir='ltr'>commode</span> <span class='ocrx_word' id='word_1_199' title='bbox 545 2502 705 2578; x_wconf 83' lang='lat' dir='ltr'>potentes</span> <span class='ocrx_word' id='word_1_200' title='bbox 731 2479 939 2578; x_wconf 89' lang='lat' dir='ltr'>suscipiunt,</span> <span class='ocrx_word' id='word_1_201' title='bbox 968 2503 1103 2578; x_wconf 89' lang='lat' dir='ltr'>tempus</span> <span class='ocrx_word' id='word_1_202' title='bbox 1128 2480 1229 2555; x_wconf 82' lang='lat' dir='ltr'>bullae</span> <span class='ocrx_word' id='word_1_203' title='bbox 1265 2478 1572 2578; x_wconf 84' lang='lat' dir='ltr'>promulgationis.</span> <span class='ocrx_word' id='word_1_204' title='bbox 1591 2502 1749 2551; x_wconf 82' lang='lat' dir='ltr'>annuum</span> 
     </span>
     <span class='ocr_line' id='line_1_23' title="bbox 213 2578 1815 2711; baseline -0.001 -56"><span class='ocrx_word' id='word_1_205' title='bbox 213 2585 275 2711; x_wconf 59' lang='lat' dir='ltr'>vel</span> <span class='ocrx_word' id='word_1_206' title='bbox 299 2582 461 2656; x_wconf 85' lang='lat' dir='ltr'>biennale</span> <span class='ocrx_word' id='word_1_207' title='bbox 487 2581 582 2659; x_wconf 77' lang='lat' dir='ltr'>sot&#39;t&#39;e</span> <span class='ocrx_word' id='word_1_208' title='bbox 609 2585 841 2683; x_wconf 84' lang='lat' dir='ltr'>expiraverit,</span> <span class='ocrx_word' id='word_1_209' title='bbox 867 2587 902 2660; x_wconf 70' lang='grc' dir='ltr'><strong>ἃ</strong></span> <span class='ocrx_word' id='word_1_210' title='bbox 926 2581 1022 2658; x_wconf 78' lang='lat' dir='ltr'>buna</span> <span class='ocrx_word' id='word_1_211' title='bbox 1049 2582 1151 2657; x_wconf 51' lang='lat' dir='ltr'>novl¹</span> <span class='ocrx_word' id='word_1_212' title='bbox 1169 2601 1338 2673; x_wconf 87' lang='lat' dir='ltr'>careant,</span> <span class='ocrx_word' id='word_1_213' title='bbox 1363 2604 1437 2657; x_wconf 89' lang='lat' dir='ltr'>noti</span> <span class='ocrx_word' id='word_1_214' title='bbox 1461 2578 1541 2655; x_wconf 90' lang='lat' dir='ltr'>sunt</span> <span class='ocrx_word' id='word_1_215' title='bbox 1566 2579 1748 2677; x_wconf 86' lang='lat' dir='ltr'>indulgen·</span> <span class='ocrx_word' id='word_1_216' title='bbox 1813 2674 1815 2678; x_wconf 79' lang='lat'>.</span> 
     </span>
     <span class='ocr_line' id='line_1_24' title="bbox 215 2678 1816 2784; baseline -0.001 -29"><span class='ocrx_word' id='word_1_217' title='bbox 215 2684 269 2758; x_wconf 86' lang='lat' dir='ltr'>tia</span> <span class='ocrx_word' id='word_1_218' title='bbox 298 2683 476 2784; x_wconf 89' lang='lat' dir='ltr'>privandi.</span> <span class='ocrx_word' id='word_1_219' title='bbox 1016 2696 1018 2701; x_wconf 85' lang='lat'>&#39;</span> <span class='ocrx_word' id='word_1_220' title='bbox 1408 2693 1414 2703; x_wconf 84' lang='grc'><em>’</em></span> <span class='ocrx_word' id='word_1_221' title='bbox 1513 2717 1516 2720; x_wconf 47' lang='grc'><strong>&lt;</strong></span> <span class='ocrx_word' id='word_1_222' title='bbox 1732 2678 1734 2685; x_wconf 69' lang='grc'>’</span> <span class='ocrx_word' id='word_1_223' title='bbox 1812 2694 1816 2701; x_wconf 83' lang='grc'><strong>’</strong></span> 
     </span>
    </p>
   </div>
   <div class='ocr_carea' id='block_1_3' title="bbox 668 2889 1285 3099">
    <p class='ocr_par' dir='ltr' id='par_1_4' title="bbox 668 2889 1285 3099">
     <span class='ocr_line' id='line_1_25' title="bbox 668 2889 1285 2969; baseline -0.003 -3"><span class='ocrx_word' id='word_1_224' title='bbox 668 2889 1171 2969; x_wconf 85' lang='lat' dir='ltr'>ORDINATIO</span> <span class='ocrx_word' id='word_1_225' title='bbox 1221 2889 1285 2966; x_wconf 83' lang='lat' dir='ltr'>ci..</span> 
     </span>
     <span class='ocr_line' id='line_1_26' title="bbox 757 2991 1213 3099; baseline -0.007 -31"><span class='ocrx_word' id='word_1_226' title='bbox 757 2995 866 3099; x_wconf 85' lang='lat' dir='ltr'>Auno</span> <span class='ocrx_word' id='word_1_227' title='bbox 896 3000 1006 3090; x_wconf 88' lang='lat'>1562.</span> <span class='ocrx_word' id='word_1_228' title='bbox 1036 3015 1092 3065; x_wconf 83' lang='lat' dir='ltr'>iz.</span> <span class='ocrx_word' id='word_1_229' title='bbox 1121 2991 1213 3089; x_wconf 85' lang='lat' dir='ltr'>Aug.</span> 
     </span>
    </p>
   </div>
   <div class='ocr_carea' id='block_1_4' title="bbox 180 3191 1799 4614">
    <p class='ocr_par' dir='ltr' id='par_1_5' title="bbox 180 3191 1799 4614">
     <span class='ocr_line' id='line_1_27' title="bbox 218 3191 1746 3370; baseline -0.001 -100"><span class='ocrx_word' id='word_1_230' title='bbox 218 3194 350 3370; x_wconf 85' lang='lat' dir='ltr'>UT</span> <span class='ocrx_word' id='word_1_231' title='bbox 374 3193 508 3292; x_wconf 85' lang='lat' dir='ltr'>Regius</span> <span class='ocrx_word' id='word_1_232' title='bbox 532 3192 716 3270; x_wconf 85' lang='lat' dir='ltr'>Indiariun</span> <span class='ocrx_word' id='word_1_233' title='bbox 738 3195 887 3270; x_wconf 87' lang='lat' dir='ltr'>Senatus</span> <span class='ocrx_word' id='word_1_234' title='bbox 913 3193 1012 3293; x_wconf 84' lang='lat' dir='ltr'>possit</span> <span class='ocrx_word' id='word_1_235' title='bbox 1024 3191 1246 3267; x_wconf 85' lang='lat' dir='ltr'>ecclesiarum</span> <span class='ocrx_word' id='word_1_236' title='bbox 1269 3191 1457 3265; x_wconf 69' lang='lat' dir='ltr'>creationes</span> <span class='ocrx_word' id='word_1_237' title='bbox 1482 3192 1693 3280; x_wconf 86' lang='lat' dir='ltr'>immutare,</span> <span class='ocrx_word' id='word_1_238' title='bbox 1710 3195 1746 3268; x_wconf 78' lang='lat' dir='ltr'>bt</span> 
     </span>
     <span class='ocr_line' id='line_1_28' title="bbox 340 3290 1745 3396; baseline -0.003 -26"><span class='ocrx_word' id='word_1_239' title='bbox 340 3297 547 3387; x_wconf 87' lang='lat' dir='ltr'>emendare,</span> <span class='ocrx_word' id='word_1_240' title='bbox 578 3319 680 3396; x_wconf 87' lang='lat' dir='ltr'>prout</span> <span class='ocrx_word' id='word_1_241' title='bbox 708 3294 767 3372; x_wconf 80' lang='lat' dir='ltr'>fibi</span> <span class='ocrx_word' id='word_1_242' title='bbox 793 3295 903 3372; x_wconf 91' lang='lat' dir='ltr'>visum</span> <span class='ocrx_word' id='word_1_243' title='bbox 930 3295 1056 3372; x_wconf 90' lang='lat' dir='ltr'>suerit.</span> <span class='ocrx_word' id='word_1_244' title='bbox 1084 3294 1142 3369; x_wconf 86' lang='lat' dir='ltr'>Ita</span> <span class='ocrx_word' id='word_1_245' title='bbox 1167 3291 1339 3368; x_wconf 87' lang='lat' dir='ltr'>Claudius</span> <span class='ocrx_word' id='word_1_246' title='bbox 1364 3290 1530 3366; x_wconf 86' lang='lat' dir='ltr'>Clemens</span> <span class='ocrx_word' id='word_1_247' title='bbox 1557 3293 1593 3365; x_wconf 90' lang='lat' dir='ltr'>in</span> <span class='ocrx_word' id='word_1_248' title='bbox 1628 3290 1745 3366; x_wconf 84' lang='lat' dir='ltr'>Tabu-</span> 
     </span>
     <span class='ocr_line' id='line_1_29' title="bbox 215 3391 1744 3493; baseline -0.004 -20"><span class='ocrx_word' id='word_1_249' title='bbox 215 3398 261 3473; x_wconf 89' lang='lat' dir='ltr'>lis</span> <span class='ocrx_word' id='word_1_250' title='bbox 286 3396 459 3472; x_wconf 88' lang='lat' dir='ltr'>Clironol.</span> <span class='ocrx_word' id='word_1_251' title='bbox 487 3398 619 3474; x_wconf 89' lang='lat' dir='ltr'>Indiat.</span> <span class='ocrx_word' id='word_1_252' title='bbox 647 3400 723 3475; x_wconf 90' lang='lat' dir='ltr'>Nec</span> <span class='ocrx_word' id='word_1_253' title='bbox 747 3400 910 3473; x_wconf 89' lang='lat' dir='ltr'>meminit</span> <span class='ocrx_word' id='word_1_254' title='bbox 947 3397 1187 3486; x_wconf 67' lang='lat' dir='ltr'>relitidionis,</span> <span class='ocrx_word' id='word_1_255' title='bbox 1214 3399 1258 3471; x_wconf 89' lang='lat' dir='ltr'>de</span> <span class='ocrx_word' id='word_1_256' title='bbox 1283 3420 1352 3493; x_wconf 89' lang='lat' dir='ltr'>qua</span> <span class='ocrx_word' id='word_1_257' title='bbox 1379 3394 1481 3491; x_wconf 85' lang='lat' dir='ltr'>supra</span> <span class='ocrx_word' id='word_1_258' title='bbox 1515 3391 1605 3466; x_wconf 88' lang='lat' dir='ltr'>Ord.</span> <span class='ocrx_word' id='word_1_259' title='bbox 1643 3399 1707 3487; x_wconf 91' lang='lat'>69.</span> <span class='ocrx_word' id='word_1_260' title='bbox 1731 3448 1744 3486; x_wconf 92' lang='lat'>,</span> 
     </span>
     <span class='ocr_line' id='line_1_30' title="bbox 201 3492 1745 3598; baseline -0.003 -24"><span class='ocrx_word' id='word_1_261' title='bbox 201 3522 285 3598; x_wconf 48' lang='lat' dir='ltr'>‚qua</span> <span class='ocrx_word' id='word_1_262' title='bbox 312 3502 497 3597; x_wconf 88' lang='lat' dir='ltr'>requiritur</span> <span class='ocrx_word' id='word_1_263' title='bbox 523 3522 562 3574; x_wconf 93' lang='lat' dir='ltr'>ut</span> <span class='ocrx_word' id='word_1_264' title='bbox 587 3500 742 3576; x_wconf 89' lang='lat' dir='ltr'>recursus</span> <span class='ocrx_word' id='word_1_265' title='bbox 768 3502 813 3574; x_wconf 86' lang='lat' dir='ltr'>ad</span> <span class='ocrx_word' id='word_1_266' title='bbox 838 3497 1050 3574; x_wconf 86' lang='lat' dir='ltr'>Pontificem</span> <span class='ocrx_word' id='word_1_267' title='bbox 1074 3496 1136 3573; x_wconf 90' lang='lat' dir='ltr'>fiat</span> <span class='ocrx_word' id='word_1_268' title='bbox 1162 3523 1226 3596; x_wconf 92' lang='lat' dir='ltr'>pro</span> <span class='ocrx_word' id='word_1_269' title='bbox 1252 3497 1525 3596; x_wconf 90' lang='lat' dir='ltr'>approbatione.</span> <span class='ocrx_word' id='word_1_270' title='bbox 1553 3492 1622 3568; x_wconf 86' lang='lat' dir='ltr'>Sed</span> <span class='ocrx_word' id='word_1_271' title='bbox 1646 3520 1745 3591; x_wconf 81' lang='lat' dir='ltr'>argu-</span> 
     </span>
     <span class='ocr_line' id='line_1_31' title="bbox 216 3596 1746 3699; baseline -0.003 -24"><span class='ocrx_word' id='word_1_272' title='bbox 216 3624 382 3676; x_wconf 90' lang='lat' dir='ltr'>mentum</span> <span class='ocrx_word' id='word_1_273' title='bbox 407 3603 498 3675; x_wconf 86' lang='lat' dir='ltr'>illius</span> <span class='ocrx_word' id='word_1_274' title='bbox 523 3601 612 3675; x_wconf 90' lang='lat' dir='ltr'>Ord.</span> <span class='ocrx_word' id='word_1_275' title='bbox 641 3604 735 3676; x_wconf 86' lang='lat' dir='ltr'>aliud</span> <span class='ocrx_word' id='word_1_276' title='bbox 761 3599 810 3674; x_wconf 89' lang='lat' dir='ltr'>est</span> <span class='ocrx_word' id='word_1_277' title='bbox 836 3656 846 3692; x_wconf 89' lang='lat'>,</span> <span class='ocrx_word' id='word_1_278' title='bbox 872 3627 998 3699; x_wconf 90' lang='lat' dir='ltr'>nempe</span> <span class='ocrx_word' id='word_1_279' title='bbox 1024 3604 1066 3674; x_wconf 89' lang='lat' dir='ltr'>dc</span> <span class='ocrx_word' id='word_1_280' title='bbox 1093 3600 1341 3674; x_wconf 85' lang='lat' dir='ltr'>contrahendis</span> <span class='ocrx_word' id='word_1_281' title='bbox 1367 3599 1421 3675; x_wconf 90' lang='lat' dir='ltr'>vel</span> <span class='ocrx_word' id='word_1_282' title='bbox 1445 3596 1746 3694; x_wconf 85' lang='lat' dir='ltr'>dividendisEpi·</span> 
     </span>
     <span class='ocr_line' id='line_1_32' title="bbox 201 3696 1745 3799; baseline 0 -26"><span class='ocrx_word' id='word_1_283' title='bbox 201 3699 427 3799; x_wconf 19' lang='lat' dir='ltr'>*soopatuum</span> <span class='ocrx_word' id='word_1_284' title='bbox 453 3702 648 3792; x_wconf 88' lang='lat' dir='ltr'>limitibus,</span> <span class='ocrx_word' id='word_1_285' title='bbox 675 3717 757 3777; x_wconf 90' lang='lat' dir='ltr'>cum</span> <span class='ocrx_word' id='word_1_286' title='bbox 796 3701 938 3799; x_wconf 69' lang='lat' dir='ltr'>presens</span> <span class='ocrx_word' id='word_1_287' title='bbox 974 3701 1016 3777; x_wconf 93' lang='lat' dir='ltr'>sit</span> <span class='ocrx_word' id='word_1_288' title='bbox 1042 3705 1086 3776; x_wconf 90' lang='lat' dir='ltr'>de</span> <span class='ocrx_word' id='word_1_289' title='bbox 1113 3704 1291 3783; x_wconf 87' lang='lat' dir='ltr'>mutandis</span> <span class='ocrx_word' id='word_1_290' title='bbox 1319 3705 1373 3774; x_wconf 88' lang='lat' dir='ltr'>vel</span> <span class='ocrx_word' id='word_1_291' title='bbox 1400 3701 1613 3794; x_wconf 87' lang='lat' dir='ltr'>corrigendis</span> <span class='ocrx_word' id='word_1_292' title='bbox 1638 3696 1745 3773; x_wconf 83' lang='lat' dir='ltr'>slatu-</span> 
     </span>
     <span class='ocr_line' id='line_1_33' title="bbox 211 3799 1745 3902; baseline -0.001 -25"><span class='ocrx_word' id='word_1_293' title='bbox 211 3805 282 3895; x_wconf 87' lang='lat' dir='ltr'>tis,</span> <span class='ocrx_word' id='word_1_294' title='bbox 309 3807 494 3900; x_wconf 87' lang='lat' dir='ltr'>quaedum</span> <span class='ocrx_word' id='word_1_295' title='bbox 520 3805 664 3877; x_wconf 86' lang='lat' dir='ltr'>ecclesia</span> <span class='ocrx_word' id='word_1_296' title='bbox 689 3803 842 3902; x_wconf 74' lang='lat' dir='ltr'>primum</span> <span class='ocrx_word' id='word_1_297' title='bbox 868 3804 1036 3900; x_wconf 87' lang='lat' dir='ltr'>eiigitur,</span> <span class='ocrx_word' id='word_1_298' title='bbox 1062 3800 1137 3875; x_wconf 88' lang='lat' dir='ltr'>sieri</span> <span class='ocrx_word' id='word_1_299' title='bbox 1163 3800 1276 3874; x_wconf 89' lang='lat' dir='ltr'>solent</span> <span class='ocrx_word' id='word_1_300' title='bbox 1303 3800 1345 3872; x_wconf 88' lang='lat' dir='ltr'>ab</span> <span class='ocrx_word' id='word_1_301' title='bbox 1372 3799 1544 3897; x_wconf 90' lang='lat' dir='ltr'>Episcopo</span> <span class='ocrx_word' id='word_1_302' title='bbox 1570 3825 1651 3873; x_wconf 92' lang='lat' dir='ltr'>cum</span> <span class='ocrx_word' id='word_1_303' title='bbox 1690 3801 1745 3875; x_wconf 92' lang='lat' dir='ltr'>vel</span> 
     </span>
     <span class='ocr_line' id='line_1_34' title="bbox 213 3898 1743 4004; baseline -0.003 -27"><span class='ocrx_word' id='word_1_304' title='bbox 213 3901 288 3980; x_wconf 89' lang='lat' dir='ltr'>sine</span> <span class='ocrx_word' id='word_1_305' title='bbox 312 3905 481 4004; x_wconf 84' lang='lat' dir='ltr'>Capitulo</span> <span class='ocrx_word' id='word_1_306' title='bbox 508 3908 601 3981; x_wconf 89' lang='lat' dir='ltr'>circa</span> <span class='ocrx_word' id='word_1_307' title='bbox 626 3903 906 3980; x_wconf 88' lang='lat' dir='ltr'>distributionem</span> <span class='ocrx_word' id='word_1_308' title='bbox 940 3902 1116 3978; x_wconf 71' lang='lat' dir='ltr'>studitum</span> <span class='ocrx_word' id='word_1_309' title='bbox 1149 3902 1408 3990; x_wconf 86' lang='lat' dir='ltr'>decimalium,</span> <span class='ocrx_word' id='word_1_310' title='bbox 1443 3907 1478 3975; x_wconf 78' lang='grc' dir='ltr'>δι</span> <span class='ocrx_word' id='word_1_311' title='bbox 1504 3898 1743 3991; x_wconf 88' lang='lat' dir='ltr'>officiorum,</span> 
     </span>
     <span class='ocr_line' id='line_1_35' title="bbox 180 3997 1744 4106; baseline -0.006 -25"><span class='ocrx_word' id='word_1_312' title='bbox 180 4004 564 4106; x_wconf 40' lang='lat' dir='ltr'>beneficiorumque,</span> <span class='ocrx_word' id='word_1_313' title='bbox 599 4030 674 4104; x_wconf 83' lang='lat' dir='ltr'>quae</span> <span class='ocrx_word' id='word_1_314' title='bbox 711 4005 791 4084; x_wconf 91' lang='lat' dir='ltr'>sunt</span> <span class='ocrx_word' id='word_1_315' title='bbox 816 4007 860 4081; x_wconf 93' lang='lat' dir='ltr'>de</span> <span class='ocrx_word' id='word_1_316' title='bbox 884 4005 982 4102; x_wconf 88' lang='lat' dir='ltr'>regio</span> <span class='ocrx_word' id='word_1_317' title='bbox 1010 4023 1220 4102; x_wconf 87' lang='lat' dir='ltr'>patronatu.</span> <span class='ocrx_word' id='word_1_318' title='bbox 1248 4003 1303 4076; x_wconf 87' lang='lat' dir='ltr'>Ex</span> <span class='ocrx_word' id='word_1_319' title='bbox 1328 4028 1395 4099; x_wconf 86' lang='lat' dir='ltr'>qua</span> <span class='ocrx_word' id='word_1_320' title='bbox 1429 3997 1628 4073; x_wconf 85' lang='lat' dir='ltr'>differentia</span> <span class='ocrx_word' id='word_1_321' title='bbox 1664 4026 1744 4097; x_wconf 64' lang='lat' dir='ltr'>pro.</span> 
     </span>
     <span class='ocr_line' id='line_1_36' title="bbox 211 4099 1744 4205; baseline -0.002 -24"><span class='ocrx_word' id='word_1_322' title='bbox 211 4109 333 4200; x_wconf 89' lang='lat' dir='ltr'>cedit,</span> <span class='ocrx_word' id='word_1_323' title='bbox 360 4130 400 4184; x_wconf 91' lang='lat' dir='ltr'>ut</span> <span class='ocrx_word' id='word_1_324' title='bbox 426 4134 507 4182; x_wconf 93' lang='lat' dir='ltr'>cum</span> <span class='ocrx_word' id='word_1_325' title='bbox 535 4109 652 4205; x_wconf 88' lang='lat' dir='ltr'>agitur</span> <span class='ocrx_word' id='word_1_326' title='bbox 676 4107 720 4182; x_wconf 90' lang='lat' dir='ltr'>de</span> <span class='ocrx_word' id='word_1_327' title='bbox 746 4108 936 4183; x_wconf 90' lang='lat' dir='ltr'>dividendo</span> <span class='ocrx_word' id='word_1_328' title='bbox 959 4106 1184 4204; x_wconf 86' lang='lat' dir='ltr'>episcopatu,</span> <span class='ocrx_word' id='word_1_329' title='bbox 1210 4130 1264 4180; x_wconf 88' lang='lat' dir='ltr'>tes</span> <span class='ocrx_word' id='word_1_330' title='bbox 1291 4104 1335 4178; x_wconf 88' lang='lat' dir='ltr'>ad</span> <span class='ocrx_word' id='word_1_331' title='bbox 1361 4099 1572 4178; x_wconf 81' lang='lat' dir='ltr'>Pontificem</span> <span class='ocrx_word' id='word_1_332' title='bbox 1609 4100 1744 4178; x_wconf 88' lang='lat' dir='ltr'>desera-</span> 
     </span>
     <span class='ocr_line' id='line_1_37' title="bbox 215 4202 1743 4310; baseline -0.003 -26"><span class='ocrx_word' id='word_1_333' title='bbox 215 4230 295 4300; x_wconf 88' lang='lat' dir='ltr'>tur,</span> <span class='ocrx_word' id='word_1_334' title='bbox 322 4232 362 4284; x_wconf 91' lang='lat' dir='ltr'>ut</span> <span class='ocrx_word' id='word_1_335' title='bbox 388 4208 521 4287; x_wconf 77' lang='lat' dir='ltr'>fartum</span> <span class='ocrx_word' id='word_1_336' title='bbox 545 4208 596 4286; x_wconf 89' lang='lat' dir='ltr'>est</span> <span class='ocrx_word' id='word_1_337' title='bbox 622 4217 704 4284; x_wconf 86' lang='lat' dir='ltr'>cum</span> <span class='ocrx_word' id='word_1_338' title='bbox 732 4208 974 4310; x_wconf 84' lang='lat' dir='ltr'>Areqnipcnsis</span> <span class='ocrx_word' id='word_1_339' title='bbox 999 4204 1349 4306; x_wconf 84' lang='lat' dir='ltr'>&amp;Guainangensis,</span> <span class='ocrx_word' id='word_1_340' title='bbox 1376 4203 1628 4278; x_wconf 87' lang='lat' dir='ltr'>dismembrato</span> <span class='ocrx_word' id='word_1_341' title='bbox 1651 4202 1743 4279; x_wconf 88' lang='lat' dir='ltr'>Cuz-</span> 
     </span>
     <span class='ocr_line' id='line_1_38' title="bbox 213 4307 1741 4410; baseline -0.005 -24"><span class='ocrx_word' id='word_1_342' title='bbox 213 4308 488 4410; x_wconf 51' lang='lat' dir='ltr'>quasnam&amp;</span> <span class='ocrx_word' id='word_1_343' title='bbox 514 4311 616 4403; x_wconf 82' lang='lat' dir='ltr'>sunt3</span> <span class='ocrx_word' id='word_1_344' title='bbox 643 4312 680 4385; x_wconf 90' lang='lat' dir='ltr'>in</span> <span class='ocrx_word' id='word_1_345' title='bbox 720 4309 932 4387; x_wconf 86' lang='lat' dir='ltr'>Ttuxiller&#39;isi</span> <span class='ocrx_word' id='word_1_346' title='bbox 967 4336 1011 4386; x_wconf 86' lang='lat' dir='ltr'>eit</span> <span class='ocrx_word' id='word_1_347' title='bbox 1035 4309 1189 4385; x_wconf 90' lang='lat' dir='ltr'>Limano</span> <span class='ocrx_word' id='word_1_348' title='bbox 1226 4307 1538 4405; x_wconf 86' lang='lat' dir='ltr'>Atcltiepiscopatii</span> <span class='ocrx_word' id='word_1_349' title='bbox 1574 4307 1741 4403; x_wconf 87' lang='lat' dir='ltr'>partim,</span> 
     </span>
     <span class='ocr_line' id='line_1_39' title="bbox 215 4407 1743 4511; baseline -0.004 -23"><span class='ocrx_word' id='word_1_350' title='bbox 215 4416 348 4508; x_wconf 89' lang='lat' dir='ltr'>partim</span> <span class='ocrx_word' id='word_1_351' title='bbox 386 4438 429 4488; x_wconf 83' lang='lat' dir='ltr'>ex</span> <span class='ocrx_word' id='word_1_352' title='bbox 464 4410 677 4511; x_wconf 87' lang='lat' dir='ltr'>Episcopatu</span> <span class='ocrx_word' id='word_1_353' title='bbox 712 4411 875 4508; x_wconf 87' lang='lat' dir='ltr'>Qiitensi</span> <span class='ocrx_word' id='word_1_354' title='bbox 911 4410 1086 4503; x_wconf 87' lang='lat' dir='ltr'>stindato;</span> <span class='ocrx_word' id='word_1_355' title='bbox 1124 4417 1158 4489; x_wconf 77' lang='grc' dir='ltr'>δι</span> <span class='ocrx_word' id='word_1_356' title='bbox 1193 4416 1229 4486; x_wconf 92' lang='lat' dir='ltr'>in</span> <span class='ocrx_word' id='word_1_357' title='bbox 1264 4409 1430 4484; x_wconf 90' lang='lat' dir='ltr'>divisione</span> <span class='ocrx_word' id='word_1_358' title='bbox 1467 4407 1743 4506; x_wconf 78' lang='lat' dir='ltr'>Episcopatuuns</span> 
     </span>
     <span class='ocr_line' id='line_1_40' title="bbox 207 4511 1799 4614; baseline -0.008 -21"><span class='ocrx_word' id='word_1_359' title='bbox 207 4511 340 4607; x_wconf 85' lang='lat' dir='ltr'>Pacis,</span> <span class='ocrx_word' id='word_1_360' title='bbox 367 4521 402 4592; x_wconf 75' lang='grc' dir='ltr'>ὃ(</span> <span class='ocrx_word' id='word_1_361' title='bbox 427 4514 563 4592; x_wconf 73' lang='lat' dir='ltr'>Sandlae</span> <span class='ocrx_word' id='word_1_362' title='bbox 588 4514 712 4592; x_wconf 87' lang='lat' dir='ltr'>Crucis</span> <span class='ocrx_word' id='word_1_363' title='bbox 738 4517 789 4588; x_wconf 70' lang='lat' dir='ltr'>de.</span> <span class='ocrx_word' id='word_1_364' title='bbox 811 4516 847 4587; x_wconf 83' lang='lat' dir='ltr'>la</span> <span class='ocrx_word' id='word_1_365' title='bbox 873 4515 988 4587; x_wconf 83' lang='lat' dir='ltr'>Sierra</span> <span class='ocrx_word' id='word_1_366' title='bbox 1010 4568 1021 4605; x_wconf 91' lang='lat'>,</span> <span class='ocrx_word' id='word_1_367' title='bbox 1045 4517 1090 4587; x_wconf 92' lang='lat' dir='ltr'>de</span> <span class='ocrx_word' id='word_1_368' title='bbox 1116 4513 1237 4614; x_wconf 68' lang='lat' dir='ltr'>quibus</span> <span class='ocrx_word' id='word_1_369' title='bbox 1263 4513 1314 4584; x_wconf 88' lang='lat' dir='ltr'>ait</span> <span class='ocrx_word' id='word_1_370' title='bbox 1350 4511 1561 4585; x_wconf 91' lang='lat' dir='ltr'>Solorzanus</span> <span class='ocrx_word' id='word_1_371' title='bbox 1587 4514 1675 4596; x_wconf 89' lang='lat' dir='ltr'>(c):</span> <span class='ocrx_word' id='word_1_372' title='bbox 1713 4511 1743 4582; x_wconf 81' lang='lat' dir='ltr'>el</span> <span class='ocrx_word' id='word_1_373' title='bbox 1796 4514 1799 4519; x_wconf 84' lang='lat'>&#39;</span> 
     </span>
    </p>
   </div>
   <div class='ocr_carea' id='block_1_5' title="bbox 213 4604 1743 4784">
    <p class='ocr_par' dir='ltr' id='par_1_6' title="bbox 213 4604 1743 4784">
     <span class='ocr_line' id='line_1_41' title="bbox 213 4604 1743 4726; baseline -0.008 -29"><span class='ocrx_word' id='word_1_374' title='bbox 213 4618 326 4710; x_wconf 76' lang='lat' dir='ltr'>ruodo,</span> <span class='ocrx_word' id='word_1_375' title='bbox 353 4642 419 4715; x_wconf 90' lang='lat' dir='ltr'>que</span> <span class='ocrx_word' id='word_1_376' title='bbox 447 4615 554 4692; x_wconf 88' lang='lat' dir='ltr'>seha</span> <span class='ocrx_word' id='word_1_377' title='bbox 581 4616 702 4690; x_wconf 90' lang='lat' dir='ltr'>tenido</span> <span class='ocrx_word' id='word_1_378' title='bbox 729 4643 774 4692; x_wconf 91' lang='lat' dir='ltr'>en</span> <span class='ocrx_word' id='word_1_379' title='bbox 799 4616 888 4691; x_wconf 82' lang='lat' dir='ltr'>ollas</span> <span class='ocrx_word' id='word_1_380' title='bbox 913 4613 1121 4708; x_wconf 76' lang='lat' dir='ltr'>divisiones,</span> <span class='ocrx_word' id='word_1_381' title='bbox 1149 4642 1169 4708; x_wconf 94' lang='lat' dir='ltr'>y</span> <span class='ocrx_word' id='word_1_382' title='bbox 1197 4610 1557 4700; x_wconf 82' lang='lat' dir='ltr'>desmentbraciones,</span> <span class='ocrx_word' id='word_1_383' title='bbox 1581 4609 1630 4682; x_wconf 92' lang='lat' dir='ltr'>ha</span> <span class='ocrx_word' id='word_1_384' title='bbox 1667 4604 1743 4726; x_wconf 74' lang='lat' dir='ltr'>sido</span> 
     </span>
     <span class='ocr_line' id='line_1_42' title="bbox 874 4733 1694 4784; baseline -0.006 4"><span class='ocrx_word' id='word_1_385' title='bbox 874 4750 882 4757; x_wconf 94' lang='lat'>·</span> <span class='ocrx_word' id='word_1_386' title='bbox 1607 4733 1694 4784; x_wconf 88' lang='lat' dir='ltr'>reci-</span> 
     </span>
    </p>
   </div>
   <div class='ocr_carea' id='block_1_6' title="bbox 208 4851 405 4885">
    <p class='ocr_par' dir='ltr' id='par_1_7' title="bbox 208 4851 405 4885">
     <span class='ocr_line' id='line_1_43' title="bbox 208 4851 405 4885; baseline -0.005 -10"><span class='ocrx_word' id='word_1_387' title='bbox 208 4851 405 4885; x_wconf 53' lang='grc' dir='ltr'><em>Μ</em></span> 
     </span>
    </p>
   </div>
   <div class='ocr_carea' id='block_1_7' title="bbox 206 5033 548 5107">
    <p class='ocr_par' dir='ltr' id='par_1_8' title="bbox 206 5033 548 5107">
     <span class='ocr_line' id='line_1_44' title="bbox 206 5033 548 5107; baseline 0.003 -17"><span class='ocrx_word' id='word_1_388' title='bbox 206 5033 261 5101; x_wconf 76' lang='lat' dir='ltr'>lib.</span> <span class='ocrx_word' id='word_1_389' title='bbox 286 5059 311 5103; x_wconf 65' lang='lat' dir='ltr'>i.</span> <span class='ocrx_word' id='word_1_390' title='bbox 333 5035 417 5096; x_wconf 74' lang='lat' dir='ltr'>rolli.</span> <span class='ocrx_word' id='word_1_391' title='bbox 437 5056 498 5107; x_wconf 73' lang='lat' dir='ltr'>cap.</span> <span class='ocrx_word' id='word_1_392' title='bbox 523 5057 548 5103; x_wconf 72' lang='grc' dir='ltr'>ς.</span> 
     </span>
    </p>
   </div>
   <div class='ocr_carea' id='block_1_8' title="bbox 0 0 1932 5678">
    <p class='ocr_par' dir='ltr' id='par_1_9' title="bbox 0 0 1932 5678">
     <span class='ocr_line' id='line_1_45' title="bbox 0 0 1932 5678; baseline 0 6"><span class='ocrx_word' id='word_1_393' title='bbox 0 0 1932 5678; x_wconf 95' lang='lat' dir='ltr'> </span> 
     </span>
    </p>
   </div>
  </div>
 </body>
</html>
