3864 5686
239 315 312 387 262.
658 309 1234 391 Ortortrtrrortas
1306 351 1312 364 ··

186 457 346 528 caminos
372 480 395 547 y
421 470 517 526 otras
541 448 773 528 difficultades
798 451 986 550 obligaban
1012 455 1031 527 l
1057 477 1123 553 que
1148 453 1183 527 S.
1204 452 1241 525 S.
1268 448 1532 526 hiciessenueva
1557 453 1718 530 declara·

187 557 268 629 cion
294 554 391 630 sobre
417 559 449 631 el
478 554 614 652 tiempo
638 580 683 631 en
710 580 776 654 que
800 555 936 633 havian
961 556 1005 645 de
1031 556 1121 632 astar
1147 554 1332 651 obligados
1358 558 1412 628 los
1448 554 1659 652 Arzobil'pos
1698 581 1724 651 y

186 652 338 754 Obispos
364 660 384 728 a
410 655 517 730 hacer
544 659 738 748 concilius,
764 652 955 738 sedeclard
980 664 1044 755 por
1069 661 1103 731 la
1131 656 1458 754 Congregacionde
1483 655 1729 749 Cardenales,

191 781 259 855 que
285 759 339 830 los
364 755 600 831 provinciales
625 755 659 833 se
685 755 983 834 hicieslende'leit
1007 784 1051 832 en
1077 759 1140 834 seis
1164 778 1304 847 annos,
1332 757 1484 844 dejando
1510 759 1729 851 lossvnoda-

189 861 239 942 les
263 882 308 931 en
334 857 370 933 la
395 860 599 956 obligation
622 859 758 937 rellado
783 861 827 934 dc
853 860 994 937 barense
1019 862 1112 939 cada
1127 886 1226 935 anno.
1254 860 1301 934 Et
1327 861 1362 933 in
1388 860 1563 935 schedula
1589 859 1634 933 ad
1663 859 1733 935 At·

186 957 445 1057 chiepiscoputn
481 960 718 1039 Manilenscm
751 965 840 1039 data
880 962 958 1035 eod.
997 965 1054 1038 die
1080 969 1115 1040 dt
1143 987 1238 1037 anno
1264 961 1405 1037 additur
1442 961 1535 1060 apud
1571 962 1732 1053 citatum

187 1059 329 1137 frasso:-
352 1066 382 1137 t
401 1088 524 1160 artaque
550 1090 614 1163 por
640 1067 832 1163 particular
856 1065 957 1142 breve
983 1067 1032 1138 dc
1064 1064 1242 1162 Gregorio
1277 1061 1382 1139 XIII.
1420 1063 1637 1138 iinllaucia
1675 1064 1733 1139 det

190 1163 381 1261 Arzobispo
406 1167 450 1239 de
476 1165 580 1240 Lirna
607 1163 748 1241 dcclard
774 1167 809 1242 S.
833 1167 891 1257 S.,
916 1178 982 1263 que
1009 1170 1060 1263 los
1086 1167 1256 1241 concilius
1281 1164 1465 1258 synodales
1489 1165 1534 1238 tle
1558 1161 1733 1263 suTAtzos

194 1264 337 1364 bispado
362 1263 395 1339 se
421 1265 585 1343 hicielsen
610 1269 654 1340 de
680 1269 744 1340 dos
770 1292 813 1341 en
841 1267 906 1340 dos
934 1292 1068 1359 annos,
1096 1264 1165 1341 esta
1191 1264 1397 1361 disposicion
1408 1292 1471 1363 por
1496 1267 1547 1338 ser
1558 1270 1733 1340 correcto

92 1450 105 1473 .
191 1369 268 1459 ria,
306 1392 401 1461 yen
425 1370 574 1447 materia
600 1367 791 1463 esttcclta,
830 1393 856 1462 y
892 1393 961 1444 con
995 1373 1121 1446 cierras
1148 1373 1334 1467 personas,
1371 1391 1419 1439 no
1446 1391 1569 1462 parece
1603 1390 1673 1464 que
1695 1363 1732 1443 st

193 1471 301 1564 puede
328 1465 484 1545 ellender
510 1475 529 1542 i
556 1490 654 1545 ortos
685 1471 938 1568 Arzobispados
963 1496 990 1569 y!
1012 1469 1240 1571 Obispados,
1278 1467 1515 1556 majornreote
1551 1466 1733 1544 haviendo

191 1593 237 1642 en
265 1570 354 1648 todo
381 1571 416 1642 la
443 1570 611 1649 omnen
642 1593 704 1650 tan
733 1575 875 1668 general
899 1599 922 1667 v
947 1573 1158 1649 omnimoda
1191 1568 1379 1649 enltacerse
1412 1572 1466 1647 los
1491 1568 1615 1645 dichos
1651 1590 1733 1649 con·

191 1672 293 1749 cilios
320 1670 503 1762 synodales
526 1697 573 1745 en
599 1674 707 1749 clun
736 1675 871 1773 tiempo
898 1676 934 1747 ni
960 1697 1004 1746 cn
1031 1676 1062 1747 el
1085 1689 1183 1748 otro..

259 1813 265 1821 ·
293 1771 501 1855 &necinus
525 1774 723 1867 xmo),
752 1777 914 1873 quamvis
927 1800 1001 1849 non
1014 1798 1119 1873 neget
1130 1771 1275 1872 potuisse
1286 1771 1439 1850 Concilii
1453 1770 1733 1849 Tridentini‘dci'

104 1948 110 1955 .
199 1895 339 1961 ctettun
362 1877 545 1951 contraria
569 1876 823 1954 consuetudine
847 1903 921 1954 non
948 1875 1037 1951 nihil
1063 1876 1214 1953 emolliri
1252 1881 1288 1953 dt
1313 1875 1523 1973 temperari,
1551 1872 1733 1971 irc-probat

199 1975 378 2053 effraenem.
400 1979 607 2069 licentiam,
638 1975 746 2079 quarn
772 1981 899 2076 privati
925 1976 1156 2055 douotcssrbi
1184 1973 1354 2076 usurpant
1380 2001 1443 2072 pro
1468 1974 1570 2048 libito
1582 2028 1599 2066 ‚2
1619 1974 1733 2051 ctiam

196 2100 323 2156 contra
349 2078 501 2173 expressa
527 2081 620 2158 illins
646 2079 774 2171 verba,
803 2081 1116 2178 interpretandi&
1141 2073 1733 2174 limitandi.Pax21'ordanus(b)·,

196 2205 278 2256 cum
305 2177 513 2275 praemisisset
540 2233 551 2271 ,
578 2177 720 2278 singulis
746 2183 846 2257 annis
871 2181 1067 2278 cogendam
1104 2179 1179 2256 esse·
1206 2179 1378 2272 synodum
1389 2196 1421 2270 ζ.
1452 2185 1497 2256 de.
1521 2175 1733 2276 Episcopum

196 2307 272 2358 non
299 2301 555 2359 convocantem
582 2279 648 2359 effe
674 2280 954 2380 suspendendum
973 2307 1018 2358 ex
1042 2286 1184 2358 decreto
1210 2283 1247 2356 S.
1273 2280 1595 2379 Congregauonis,
1633 2278 1733 2377 quod

194 2383 321 2481 probat
339 2381 559 2476 Benedillus
582 2383 680 2482 ipse„
699 2409 780 2460 non·
801 2384 883 2482 ipso
900 2388 973 2475 iure
1000 2382 1066 2461 elle
1089 2380 1310 2482 suspensum
1337 2382 1637 2460 convocationem
1647 2404 1733 2457 con·

196 2488 364 2575 ciliorum
390 2485 525 2581 iniungi
552 2481 612 2561 sub
637 2487 789 2565 mortali
813 2511 857 2562 ex
882 2487 1064 2562 [eittentia'
1083 2483 1245 2580 Sylnellri
1260 2513 1274 2574 3·
1306 2483 1373 2561 esse
1407 2484 1451 2558 de
1476 2503 1652 2581 praecepto
1680 2504 1733 2583 lex

195 2587 412 2663 resolutione
435 2587 472 2660 S.
499 2586 824 2686 congregationis:
843 2580 940 2679 His,.
961 2591 1128 2686 inquam,
1155 2585 1339 2686 premissis.
1368 2586 1482 2661 subdit
1515 2581 1733 2677 Pax-Jorda

196 2712 283 2766 uus:
308 2688 476 2761 Praedisiae
502 2689 741 2765 authoritates
766 2690 960 2787 procedunt
988 2709 1069 2763 tam
1087 2687 1131 2762 de
1157 2691 1310 2765 concilio
1345 2686 1560 2783 provinciali.
1582 2682 1733 2783 ‘fingulir

197 2790 356 2863 trienniis
380 2787 575 2884 cogendo,
610 2794 715 2885 quam
742 2793 786 2863 de
812 2789 930 2867 nostra
955 2787 1153 2864 diucehna
1190 2789 1398 2882 (synodo).
1425 2786 1497 2863 sad
1529 2810 1612 2861 ctrrn
1650 2783 1733 2865 tastu

193 2889 461 2986 provincialium
488 2913 727 2964 conventuum
752 2892 913 2967 maximo
938 2916 1021 2965 curn
1046 2889 1196 2967 ecclesiae
1220 2895 1355 2967 damno
1365 2889 1453 2990 penit
1478 2887 1687 2965 obsoleverit
1716 2941 1733 2979 ,

195 2990 386 3087 prasertim
409 2992 451 3067 in·-
472 2991 671 3089 regionibus
703 2992 768 3083 iis,
796 2993 1036 3069 adnitendum
1056 2990 1186 3069 saltem
1205 2996 1276 3069 erit
1298 3015 1337 3068 ut
1363 2989 1569 3068 thoecesanae.
1604 2985 1733 3084 synodi

195 3089 488 3192 frequententur,
510 3114 586 3168 tam
612 3095 657 3168 ad
684 3117 868 3190 poenarum
904 3099 1207 3172 comminatorum
1242 3096 1477 3171 excitationem
1487 3114 1509 3185 ‘,.
1537 3102 1668 3195 quarn(
1691 3088 1733 3169 ad

67 3224 71 3230 ·
197 3194 458 3293 consequendos
483 3193 682 3270 uberrimos
706 3193 836 3271 fruetus
862 3221 904 3270 ex
930 3196 984 3272 his
1009 3196 1116 3272 sacris
1137 3196 1290 3271 coetibus
1309 3197 1574 3294 provenientes.
1603 3191 1733 3287 Nullus

196 3296 282 3370 verb
304 3292 488 3371 excusatur
511 3294 579 3373 sub.
599 3318 771 3394 praetextu
795 3299 976 3394 parvitatis
1012 3299 1076 3372 seu.
1108 3300 1323 3394 paupertatis
1347 3293 1500 3371 dioecefis
1529 3349 1540 3387 ,
1564 3288 1733 3369 ecclelia·

153 3408 168 3416 “
196 3423 300 3488 rum,
326 3402 364 3472 dt
387 3398 493 3486 cleri3
520 3394 605 3473 nam
631 3424 703 3498 quo
739 3401 858 3474 minor
883 3398 933 3474 est
958 3423 1158 3491 numerus,
1192 3424 1241 3474 eo
1263 3396 1551 3479 :inexcusabilior
1578 3394 1733 3470 redditur

200 3499 415 3596 negligentia
443 3551 454 3588 ‚
479 3500 563 3596 quia
590 3497 730 3574 facilius
755 3501 945 3577 convocari
972 3520 1126 3601 queunt,
1161 3506 1197 3578 dc
1231 3525 1301 3575 una
1339 3501 1397 3576 die
1431 3496 1511 3573 satis
1546 3494 1733 3573 commodi

198 3600 352 3712 expediri
379 3651 425 3673 ι.
454 3599 571 3696 ..Ego
597 3602 711 3690 (citra
739 3603 951 3693 jallanriam
980 3602 1158 3692 dixerim)
1185 3602 1318 3678 in'hac
1346 3621 1449 3699 parte
1469 3601 1620 3678 muueri-
1653 3618 1733 3675 mat

198 3699 402 3799 respondere
428 3704 615 3794 connitor,
641 3704 830 3803 omnesque
854 3702 972 3779 sacros
998 3702 1167 3781 antistites
1180 3704 1274 3779 idern
1301 3703 1632 3801 prauareprecon
1647 3699 1733 3783 elio

198 3804 283 3900 quin
309 3798 383 3879 stne
406 3801 548 3882 sarculo
572 3802 739 3895 ejusmodi
769 3831 915 3904 vepres,
940 3803 1055 3904 spinas
1065 3861 1086 3902 s.
1104 3810 1139 3882 br
1162 3801 1327 3883 surculos
1342 3808 1520 3883 malarum
1547 3799 1733 3883 consuens

198 3909 324 4083 clinunfr
350 3903 622 4083 ipternascemcs
647 3908 689 3984 in
712 3910 806 3984 clero
831 3913 867 3990 bt
892 3911 1048 4007 populo,
1071 3905 1336 4007 patrisfamilias
1356 3904 1488 3983 semina
1500 3899 1733 4005 praesoctrttta

200 4037 283 4087 non·
318 4004 409 4083 acie
434 4011 599 4085 evellent.
1112 4053 1120 4063 2

300 4107 441 4183 Contra
468 4130 674 4206 praetextum
702 4114 885 4188 tenuitatis
910 4113 1118 4190 reddituum·
1138 4113 1183 4186 ad
1209 4109 1417 4187 necessarios
1441 4105 1630 4207 sumptus·‚.
1648 4102 1733 4193 'vida

200 4211 312 4308 Regis
333 4209 522 4287 Catholici
543 4208 754 4290 schedulam
776 4215 822 4290 ad
847 4214 1159 4312 Archiepiscopum
1169 4212 1320 4289 Manilae
1345 4212 1439 4308 apud
1464 4215 1525 4289 cit.
1548 4201 1733 4303 Fratrum,

200 4316 332 4411 inqua
358 4316 394 4387 bt
420 4313 457 4385 in
484 4313 565 4387 aliis.
587 4312 631 4386 ab
656 4317 783 4390 eodem
812 4314 960 4395 authore
987 4316 1201 4414 transcriptis
1226 4317 1337 4390 elucet
1364 4316 1473 4391 mirus
1500 4335 1564 4411 pto
1589 4310 1733 4410 religio·

202 4438 248 4495 tte
273 4413 401 4515 ardor,
428 4414 638 4510 protesteris
658 4413 762 4508 fidei,
789 4415 945 4496 Concilii
971 4417 1173 4495 Tridentini
1189 4413 1425 4493 observantiae
1451 4411 1642 4504 zelatoris,
1666 4409 1733 4493 Fae

202 4513 312 4597 clefiat
338 4515 498 4597 advocati
512 4570 524 4610 ,
552 4542 593 4601 ac
619 4518 730 4621 Regis
755 4520 901 4595 nomine
926 4525 1009 4601 &re
1035 4519 1214 4600 Catholici
1240 4521 1383 4619 digntts.
1410 4517 1501 4595 Vide
1526 4513 1631 4591 Ord..
1649 4535 1733 4620 1⁴90·

1583 4714 1691 4799 (ttt.

200 4952 292 5086 msa.)
313 4951 413 5043 Bfned.
433 4952 507 5010 XIV.
526 4948 579 5008 lib.
603 4971 626 5003 ι.
646 4953 691 5010 De
711 4950 807 5020 synod.
828 4955 911 5012 orac.
932 4973 994 5029 cap.
1017 4969 1045 5012 6.
1065 4973 1094 5011 n.
1107 4975 1130 5018 t·
1172 4950 1234 5027 (b)
1256 4945 1470 5019 Pax-Jordan,
1491 4939 1733 5028 tta-zelante«

241 5071 249 5085 .
289 5047 367 5093 dat·
390 5048 511 5089 mnum-
537 5049 584 5093 4¹·
