3864 5686
255 282 330 358 254
662 256 1241 343 Ono-ruasrouaa

204 402 384 485 consecret
411 419 515 503 atque
540 396 758 494 consummet.
786 399 910 498 Neque
936 401 1011 492 ait,
1035 396 1103 483 else
1127 395 1278 485 eiusdem
1291 393 1514 481 efficacitatis
1539 399 1576 477 bt
1600 394 1737 479 ordinis

203 531 285 583 cunt
310 501 453 594 synaxi,
477 500 536 576 sed
561 502 663 577 verba
688 496 789 577 sunt:
814 504 869 591 Eli
894 503 1001 598 igitur
1026 500 1285 579 sacrosanctum
1308 500 1380 576 hoc
1419 497 1622 595 mysterium
1660 500 1734 591 eiua

202 603 335 717 ordinis
359 624 463 702 atque
489 604 650 697 virtutis,
664 627 702 678 ut
723 604 959 681 hierarchicas
969 605 1193 683 consummet
1217 598 1430 678 sundiones.
1457 600 1634 701 Quocirca
1644 626 1736 700 quo·

207 731 275 807 que
299 707 407 783 divini
434 726 659 803 praeceptores
683 705 792 781 noslri
819 729 989 804 tanquam
1014 709 1165 798 ejusdem
1190 705 1322 783 ordinis
1347 711 1382 783 dt
1406 707 1622 802 operationis
1647 729 1734 784 cum

202 807 422 892 sacrosansio
447 805 583 903 synaxis
607 808 848 901 sacramento,
877 806 997 889 iisdem
1031 809 1243 908 imaginibus
1281 828 1320 883 ut
1354 809 1579 906 plurimum,
1616 805 1742 902 mystis

202 912 318 1009 cisque
351 908 626 991 dislindionibus
659 936 701 985 ac
734 911 837 989 sacris
864 912 973 993 verbis
994 911 1264 1009 descripserunt.
1290 912 1409 1010 Atque
1434 908 1647 991 Pontificem
1656 910 1738 1009 qui·

208 1013 292 1091 dem
309 1013 435 1089 uidere
459 1015 553 1095 licet.
568 1013 695 1091 eodem
720 1015 831 1091 modo
857 1015 877 1094 l
903 1014 1075 1093 diviniore
1099 1019 1196 1105 loco,
1213 1017 1279 1094 bic.
1513 1035 1522 1045 ’
1733 1081 1739 1089 ,

308 1114 352 1189 In
370 1114 492 1213 quibus
515 1112 631 1189 solbm
656 1113 893 1213 fignificatur‚
921 1115 965 1193 ad
989 1118 1156 1197 eumdem
1181 1115 1219 1188 in
1243 1141 1368 1212 genere
1394 1115 1556 1194 ordinem
1583 1115 1741 1215 pertine·
1775 1210 1781 1217 ‚

85 1308 87 1312 ‚
204 1239 242 1298 te
267 1220 512 1315 operationem
537 1214 747 1298 sacramenti
773 1217 962 1312 synasmo,
988 1217 1290 1297 consecrationem
1315 1218 1511 1315 unguenti,
1536 1222 1571 1295 bt
1607 1213 1734 1291 const·

205 1319 404 1399 orationem
428 1320 538 1401 etiam
563 1343 638 1416 qua
665 1343 726 1416 per
750 1341 970 1418 unguentum
994 1319 1058 1413 lit,
1083 1344 1127 1396 eo
1152 1319 1247 1416 qubd
1272 1343 1390 1395 rerum
1415 1317 1593 1397 sacremm
1631 1314 1739 1411 eonfi-

202 1422 311 1493 eratio
335 1421 522 1501 coordinata
548 1421 622 1512 els‚'
639 1444 679 1501 ut
705 1419 993 1519 supradixerat,
1019 1422 1128 1514 idest,
1152 1419 1378 1499 subordinate
1414 1419 1584 1514 synaxeos
1620 1417 1739 1495 sacra·

205 1538 353 1612 mento,
379 1519 449 1605 srve
475 1524 520 1603 ad
545 1522 632 1597 illud
657 1523 821 1599 ordinata
860 1545 1030 1621 tanquam
1065 1524 1110 1599 ad
1137 1522 1245 1601 finem
1271 1544 1541 1620 propterquam
1578 1517 1742 1620 persona·

206 1648 287 1703 tum
312 1628 347 1701 dt
372 1648 489 1698 terum
514 1621 692 1707 sacrarunt
727 1623 948 1707 consecratio
973 1623 1036 1705 fit.
1060 1623 1257 1716 Praeterea,
1295 1626 1385 1702 nihil
1409 1625 1538 1701 diciuu
1577 1625 1616 1699 in
1656 1641 1740 1697 toto

204 1748 250 1799 eo
275 1728 390 1821 capite
415 1725 460 1802 de
486 1747 666 1822 unguento
691 1723 894 1825 fragrante,
919 1727 1014 1825 quod
1040 1746 1191 1826 nequeat
1216 1726 1366 1821 intelligi
1392 1727 1437 1803 de
1472 1729 1554 1804 oleo
1588 1722 1741 1822 simplici

204 1826 396 1920 secuudiun
421 1825 571 1919 ecclesiae¹
595 1828 704 1907 ritum
733 1826 959 1905 thurificato.
987 1827 1070 1914 Into
1097 1830 1208 1905 thuris
1231 1828 1334 1903 odori
1360 1825 1558 1905 extrinseco
1577 1823 1741 1924 fragran-

204 1929 232 2002 ti
259 1929 424 2003 convenit
449 1926 567 2026 potitis
589 1930 685 2026 quod
711 1929 756 2005 ibi
783 1931 914 2006 dicitur
938 1932 982 2007 de
1006 1929 1178 2009 Pontifice
1206 1930 1395 2008 adomnia
1425 1931 1546 2028 templi
1559 1926 1743 2007 locaodo·

204 2053 281 2109 rem
311 2032 332 2105 a
358 2031 531 2107 diviniore
557 2031 639 2104 loco
664 2029 906 2107 diffundente.
1712 2058 1739 2073 ··

307 2129 464 2227 Epistola
501 2130 647 2207 Fabiani
683 2131 788 2231 Papae
813 2160 894 2211 cum
934 2131 1100 2234 plerisque
1136 2134 1213 2210 aliis
1249 2128 1467 2209 Pontificum
1505 2128 1744 2209 decretalibus

204 2229 311 2329 usque
336 2235 381 2306 ad
404 2231 569 2308 Siricium
593 2232 911 2315 satcommuniter
935 2235 1109 2313 habentur
1148 2261 1213 2334 pro
1238 2234 1470 2333 apochryphir
1497 2289 1509 2327 ‚
1541 2253 1582 2308 ut
1619 2231 1744 2309 ridere

204 2331 254 2415 est
281 2335 328 2415 itl-
344 2335 548 2417 colleslione
575 2332 821 2415 Conciliorum
846 2336 1086 2417 lietduini&
1110 2334 1322 2428 Labbeana,
1350 2337 1387 2411 in
1423 2360 1573 2434 quarum
1609 2335 1745 2415 ultima

203 2439 293 2523 (a),
309 2435 484 2532 plerasque
509 2437 683 2534 repudiari
709 2441 837 2515 dicitur
864 2442 884 2515 a
909 2438 1018 2519 Card.
1046 2438 1226 2532 Baroui0,
1252 2437 1500 2529 Bellarmino,
1524 2434 1743 2528 Petronio,

203 2535 365 2628 Cautio,
391 2538 553 2614 Antonio
579 2541 798 2638 AtrguliinO,
824 2540 985 2635 Lorino‚
1010 2542 1226 2632 Sirmondo,
1251 2539 1415 2632 Ducaeo,
1441 2537 1606 2629 Marsa,
1645 2535 1741 2613 Bot-

65 2656 68 2661 ’
203 2659 332 2736 quero.
360 2637 460 2712 Idem
485 2640 636 2716 habetur
661 2645 751 2738 apud
777 2643 1026 2719 Trevultianos
1051 2643 1095 2716 de
1120 2641 1262 2740 epistola
1276 2640 1422 2718 Fabiani
1451 2638 1608 2718 absolute
1637 2638 1744 2730 (b),

204 2745 239 2815 dt
265 2740 310 2814 de
337 2740 521 2815 alliacum
548 2744 760 2819 rellridlione
786 2746 831 2819 ad
846 2729 937 2836 eas,
964 2743 1162 2843 proquibus
1186 2769 1261 2818 non
1285 2764 1386 2819 extat
1415 2737 1744 2840 antiquorum‘sus·

202 2838 376 2936 fragium.
406 2839 506 2921 Idem
531 2839 603 2917 fere
628 2843 733 2919 habet
760 2842 960 2920 Mtrsantius
994 2851 1085 2934 (c).
1114 2844 1161 2921 Et
1198 2842 1405 2922 Beneditlus
1440 2842 1540 2921 XIV.
1577 2841 1655 2932 (d)
1694 2842 1746 2921 de

201 2939 403 3029 hujusmodi
429 2946 668 3025 monumentis
694 2945 932 3023 diffidentiam
958 2946 1112 3025 ostendit
1146 2972 1206 3043 per
1245 2944 1318 3043 haec
1353 2944 1479 3022 verba:
1517 2943 1748 3042 Disciplinam

201 3044 302 3121 illam
328 3042 556 3125 benedicendi
582 3045 670 3125 seria
696 3050 821 3145 quinta
850 3050 995 3135 maioris
1006 3048 1239 3127 hebdomada
1265 3050 1345 3124 olea
1374 3045 1742 3125 terrioinuoouelam

74 3227 77 3231 y
200 3142 328 3219 saecttlo
355 3143 531 3223 affirmare
566 3147 768 3246 pollemus,
804 3150 830 3224 sr
864 3153 1059 3248 genuinum
1094 3156 1368 3226 monumentum
1397 3151 1484 3225 illud
1519 3144 1602 3225 essct
1639 3149 1744 3243 quod

118 3336 121 3340 Α
201 3245 411 3323 Gratiamus
438 3247 543 3323 refert
570 3255 609 3323 C.
637 3255 802 3327 Litteris.
830 3253 965 3328 Verum
992 3279 1073 3328 cum
1098 3255 1162 3327 viri
1190 3253 1280 3328 dosii
1307 3250 1460 3349 spuriam
1497 3248 1658 3346 plurimis
1692 3251 1741 3327 de

199 3345 309 3424 causta
333 3375 414 3425 earn
443 3349 587 3427 Fabiani
613 3357 797 3450 epistolam
817 3354 1041 3452 suspicentur,
1067 3361 1132 3433 &e
1159 3355 1207 3429 Et
1233 3352 1569 3450 Hispanisquidem
1596 3349 1740 3425 indubi-

198 3468 317 3539 tatum
345 3453 380 3523 in
406 3450 461 3527 his
486 3453 718 3531 decretalibus
752 3453 818 3552 esse
844 3459 978 3538 :vitium
1005 3458 1174 3533 novitatis
1201 3459 1275 3530 vult
1302 3452 1486 3531 noviffitne
1523 3452 1579 3531 M·
1616 3450 1745 3527 Floret

199 3550 497 3646 Augustinianus,
523 3555 609 3626 dum
634 3558 685 3637 ait
723 3561 766 3630 de
800 3557 1031 3634 decretalibus
1067 3555 1230 3634 Damaso
1265 3562 1302 3634 dt
1335 3556 1464 3633 Siricio
1504 3552 1744 3630 anterioribus

197 3656 292 3741 (e):
319 3660 410 3726 Para
436 3656 488 3728 los
522 3653 716 3750 Esparioles
753 3657 840 3737 debe
876 3659 930 3735 ser
966 3658 1196 3756 indisputable
1233 3657 1273 3734 su
1298 3657 1486 3749 novedad‚
1513 3680 1596 3754 pues
1632 3655 1743 3741 enei

196 3753 316 3831 indice
340 3757 384 3831 de
410 3756 462 3829 las
487 3755 680 3835 decretales
705 3787 772 3859 que
797 3759 903 3842 usaba
931 3760 1068 3839 nuestra
1105 3758 1231 3861 Iglesta
1255 3784 1301 3838 en
1326 3763 1359 3835 el
1386 3757 1475 3856 figlo
1501 3756 1589 3837 VII.
1626 3778 1680 3837 no
1706 3752 1743 3838 se

201 3852 298 3935 halla
326 3858 483 3954 nlnguna
513 3860 668 3937 anterior
692 3864 713 3938 ὲ
737 3871 784 3937 S:
799 3862 969 3956 Damaso.

248 4007 252 4010 -
301 3957 336 4032 S.
363 3957 534 4057 Cypriani
560 3958 675 4037 sermo
701 3968 831 4043 citatus
856 3964 905 4040 est
930 3966 1069 4041 oaavus
1095 3966 1133 4041 in
1168 3962 1286 4062 Opere
1322 3970 1375 4039 De
1401 3963 1573 4039 sardinas.
1611 3955 1741 4046 Christi

103 4114 109 4123 -
194 4059 349 4157 Operis„
375 4063 471 4158 quod
497 4064 534 4141 S.
561 4061 745 4163 Cypriano
769 4065 860 4143 salsi>
888 4066 1072 4159 tribuitur,
1099 4084 1179 4140 cum
1207 4090 1305 4140 verus
1332 4067 1425 4141 illius
1452 4064 1583 4141 author
1604 4058 1742 4151 ,suthr-

194 4187 292 4237 noux
318 4157 435 4261 Abbas
461 4161 722 4260 Bonae-Vallis,
749 4171 808 4267 qui
833 4168 959 4247 saeculo
985 4168 1072 4244 XII.
1108 4167 1259 4245 floruit.
1300 4167 1367 4241 Vel
1393 4166 1418 4240 fi
1444 4165 1493 4243 est
1519 4166 1607 4243 alius
1633 4165 1747 4244 *anti-

193 4266 318 4363 quior,
344 4267 390 4341 de
414 4291 486 4363 quo
515 4268 591 4342 vide
617 4267 875 4347 Bellarmintun
901 4268 994 4362 (f>;
1019 4269 1215 4366 Cyprianus
1241 4268 1338 4347 certe
1364 4266 1534 4360 nonest,
1560 4265 1745 4355 cujusdo·

192 4367 309 4450 arina
335 4369 378 4440 de
404 4367 486 4445 casu
509 4369 644 4451 diaboli
672 4371 781 4450 telate
808 4373 853 4448 ad
878 4370 1036 4453 hominis
1061 4373 1279 4448 creationem
1304 4372 1343 4447 in
1369 4395 1474 4468 opere
1501 4372 1565 4447 illo
1592 4387 1747 4447 contra·

75 4492 78 4497 ’
192 4469 343 4553 dicitur.
370 4467 566 4562 Praeterea,
594 4471 640 4544 ibi
666 4473 785 4553 soliun
807 4474 978 4568 habetur,
1005 4476 1210 4553 undionem
1235 4473 1302 4549 esse
1338 4473 1509 4551 divititis
1536 4468 1745 4559 institutam

190 4596 255 4670 pto
282 4572 466 4653 initiandis
492 4574 722 4671 dignitatibus
747 4577 842 4675 regia
868 4583 906 4655 bt
923 4576 1168 4655 sacerdotali:
1195 4578 1291 4674 quod
1320 4575 1367 4655 ad
1390 4575 1503 4654 Vetto
1524 4571 1747 4661 Testamen-

219 4718 223 4725 .
1602 4695 1687 4751 tum

208 4820 289 4916 Ι(ἃ)
310 4822 403 4907 filie
424 4807 488 4910 rom.
513 4870 536 4905 r.
557 4850 606 4911 tol·
631 4857 676 4914 7⁸·
741 4846 744 4851 ’
1023 4853 1081 4922 (d)
1101 4854 1283 4913 aeneam.
1303 4856 1502 4921 Ouanota
1520 4868 1584 4919 cap.
1604 4861 1674 4908 ω.
1687 4861 1741 4920 63.

196 4980 200 4987 .
226 4923 603 4995 tb).a1e.a0r.··aernv.
627 4949 709 4997 ¹7²3·
732 4944 789 4989 art·
812 4942 859 4996 56·
963 4978 969 4991 .
1020 4928 1441 5005 <elator.aspaa.ragr.am.
1455 4944 1648 5000 atrro-cap·
1671 4946 1742 4988 mn.

227 5000 436 5093 lcl'Mtelaent·
458 5003 536 5063 rat:
559 5029 585 5072 a·
600 5006 740 5099 1)ssqu
759 5008 817 5066 t’e.
840 5006 938 5078 script.
955 5001 964 5078 Ι
985 5029 1029 5066 ιο.
1071 5006 1272 5079 (illicilum.
1292 5013 1336 5079 Ile
1356 5011 1487 5079 Satiatur·
1508 5006 1591 5075 Etis·
