3856 5678
247 351 322 403 ato
480 323 506 374 '-
681 316 1268 401 Onuiua‘tiouus

190 470 282 568 Cap.
308 470 377 546 Nec
401 461 568 564 Eprfiopi,
595 459 675 538 eod.
704 462 761 535 tit.
796 462 865 535 Nec
898 458 1060 559 Episcopi
1098 459 1171 534 sine
1205 459 1481 560 Metropolitani
1518 461 1718 558 permissu,

192 595 305 669 neque
331 565 631 664 Metropolitanus
657 560 728 637 fine
762 562 896 641 duobus
933 565 987 639 vel
1008 562 1129 639 ¹tribus
1154 560 1331 663 Episcopis
1367 566 1718 664 comprovincialibus

191 671 374 773 presumat
399 666 610 767 Episcopum
634 666 803 739 ordinare.

291 771 378 847 Non
401 768 514 846 obstat
538 790 575 863 7.
600 765 693 842 Can.
731 774 864 861 Porro,
899 767 952 843 D.
980 773 1041 844 66.
1056 765 1200 859 Iacobus
1225 821 1236 843 .
1263 821 1273 840 .
1301 821 1310 840 .
1337 768 1359 843 d
1384 766 1515 862 Petro,
1554 767 1718 865 Jacobo,

191 878 228 951 ὁ(
250 870 390 970 Joanne
415 868 590 967 Apostolis
615 868 663 943 est
688 871 894 962 ordinatus,
920 864 1164 945 successoribus
1189 870 1352 945 dantibus
1378 867 1629 962 formam,.ut
1650 896 1718 947 non

191 977 317 1059 minus.
334 999 443 1073 quarn
477 974 499 1046 ὲ
536 972 644 1060 tribus
676 971 842 1069 episcopis
875 972 1052 1047 udlatenus
1076 969 1253 1070 episcopus
1288 973 1483 1049 ordinetur.
1519 972 1569 1049 Et
1595 970 1718 1061 Glossi

191 1079 264 1152 ibi:
327 1077 387 1152 uod
411 1075 540 1151 dicitur
565 1075 585 1147 i
612 1074 738 1164 tribus,
763 1072 813 1146 est
836 1075 880 1147 de
905 1071 1094 1149 substantia
1120 1072 1416 1166 consecrationis,
1455 1075 1543 1150 alias
1568 1098 1646 1149 non
1669 1071 1718 1151 es·

192 1080 500 1267 sercddecratus,
525 1171 873 1270 stessentpauciores.
900 1172 948 1250 Et
972 1173 1718 1270 haecGloffaesententiaaceeterisJurisCaq

192 1282 313 1357 nonici
335 1278 550 1355 Douoribus
574 1275 677 1351 estco
703 1277 817 1371 eapite
843 1277 1081 1374 approbata&
1106 1298 1268 1373 recepta,
1294 1300 1334 1352 ut
1361 1280 1475 1376 inquit
1501 1279 1597 1351 Azor
1625 1281 1718 1369 (ι).

295 1381 381 1456 Non
408 1383 552 1476 inquam
577 1376 692 1452 obstat
729 1379 882 1473 primum
908 1430 920 1468 ,
946 1404 1031 1453 nam
1055 1378 1092 1452 S.
1119 1377 1271 1453 Damasi
1307 1378 1417 1453 verbis
1445 1399 1589 1453 tantum
1616 1378 1718 1479 signi·

194 1482 321 1558 ficatur
346 1477 520 1579 suspensio
544 1477 687 1572 suscepti
713 1479 846 1552 ordinis
870 1479 988 1577 quoad
1013 1481 1243 1570 exercitium,
1271 1505 1343 1554 non
1381 1480 1589 1555 charaueris
1625 1476 1718 1557 dese

194 1587 287 1661 uus.
312 1581 415 1659 Patet
439 1581 508 1655 hoc
534 1605 577 1654 ex
601 1577 694 1655 Can.
730 1580 841 1672 Illud,
868 1581 918 1654 D.
945 1590 1031 1677 64,
1057 1584 1116 1679 qui
1155 1604 1199 1654 ex
1236 1579 1402 1656 Concilio
1437 1581 1586 1657 Nicaeno
1611 1605 1644 1656 c.
1688 1584 1717 1657 6

192 1686 393 1779 desumptus
417 1681 489 1775 cst,
514 1681 572 1757 ubi
599 1680 769 1757 habetur:
796 1683 882 1755 Illud
905 1683 1114 1781 generaliter
1140 1682 1192 1758 est
1215 1687 1374 1774 clarum,
1399 1684 1494 1780 quod
1520 1681 1718 1781 srquispra

193 1808 248 1864 ter
272 1786 483 1861 sententiam
508 1782 777 1878 Metropolitani
804 1780 914 1858 satius
937 1781 1042 1859 suerit
1068 1780 1282 1882 Episcopus,
1317 1785 1412 1860 hunc
1448 1807 1578 1881 magna
1597 1830 1601 1834 ·
1618 1783 1718 1879 spuo

193 1890 259 1971 dus
282 1885 464 1979 definivit,
490 1883 701 1982 Episcopum
724 1880 791 1960 eise
816 1909 891 1959 non
915 1906 1095 1983 oportere.
1122 1882 1192 1962 Ubi
1217 1882 1430 1982 Episcopum
1455 1883 1521 1960 esse
1547 1910 1612 1985 pro
1639 1884 1718 2063 ff

194 1990 288 2088 scopi
314 2013 440 2065 munus
464 1986 562 2062 obire
586 1985 754 2061 sumitur.
782 1986 903 2084 Neque
929 1990 1026 2061 enim
1051 1985 1123 2061 visa
1148 1985 1197 2061 est
1223 1989 1414 2084 aliquando
1441 1985 1632 2063 neceffaria
1689 2008 1718 2063 ο

193 2091 402 2187 tropolitani
428 2085 599 2171 sententia
627 2088 672 2162 ad
697 2088 852 2163 validam
877 2088 1166 2178 ordinationem,
1191 2087 1251 2161 sed
1290 2091 1335 2163 ad
1362 2089 1496 2164 ordinis
1530 2084 1718 2175 inustione

195 2192 408 2271 obeundas:
445 2191 540 2286 quod
573 2187 622 2263 est
656 2186 868 2287 Episcopum
901 2187 967 2264 esse
1003 2190 1041 2263 in
1077 2191 1271 2281 exercitio,
1297 2195 1333 2267 ἃ
1368 2188 1465 2288 quast
1490 2193 1529 2265 in
1567 2191 1648 2265 abiu
1674 2188 1718 2267 se·

195 2295 335 2381 eundo.
1682 2368 1690 2377 ,

261 2436 267 2449 .
299 2394 344 2469 In
370 2391 439 2467 hoc
463 2389 564 2472 sensu
588 2396 749 2469 locutum
775 2391 1030 2491 eiieEpiiiolac
1056 2394 1193 2484 objeiiae
1220 2393 1432 2484 authorem,
1459 2390 1596 2468 constat
1611 2388 1718 2487 ,exsc-

199 2497 404 2595 queutibus,
429 2496 487 2581 ubi
515 2497 588 2571 ait:
616 2497 703 2590 Tria
728 2495 890 2586 obstant,
916 2495 1037 2591 quibus
1062 2521 1187 2570 cortun
1214 2495 1363 2571 cassatur
1389 2498 1480 2572 adio
1506 2498 1561 2568 vel
1586 2493 1718 2581 institua

200 2603 275 2675 tio:
302 2622 414 2679 unum
438 2600 534 2695 quod
562 2595 606 2669 ab
630 2621 703 2668 uno
728 2593 902 2693 Episcopo
927 2596 1083 2670 ordinari
1111 2594 1248 2688 solent,
1277 2599 1406 2695 inquo
1433 2620 1569 2672 eorum·
1585 2598 1718 2687 ordina

195 2701 251 2776 tio
276 2701 297 2772 a
324 2700 520 2775 canonibus
553 2696 764 2770 discordat.
803 2698 935 2788 Aliud,
962 2694 989 2769 s1
1015 2698 1035 2770 ὲ
1061 2701 1212 2794 pluribus
1249 2697 1428 2794 Episcopis
1453 2698 1609 2774 ordinati
1648 2696 1718 2773 stm‘

39 2820 49 2831 '
159 2892 161 2897 Ι
194 2804 232 2877 in
262 2800 404 2876 modica
438 2800 604 2873 civitate.
644 2797 845 2887 Tertio,s1
883 2795 1040 2874 absolute
1067 2798 1146 2873 sunt
1171 2799 1337 2885 iestituti.
1367 2799 1411 2872 ln
1436 2798 1558 2896 quibus
1596 2798 1718 2887 eaden

190 2904 332 2979 tatione
356 2898 533 3000 episcopos
559 2917 632 2971 non
656 2896 722 2974 esse
748 2896 963 2995 significatur
989 2926 1050 2995 per
1075 2907 1253 2976 unitatem
1278 2902 1496 2992 ordinantis,
1524 2925 1565 2975 ac
1594 2925 1658 2998 per
1679 2900 1718 2989 as

190 3002 428 3101 signationem
453 3001 602 3077 modicae
628 3001 682 3073 vel
708 3001 838 3075 nullius
865 3001 989 3098 plebis:
1017 3004 1113 3099 quod
1139 3002 1187 3077 est
1212 3005 1352 3103 quidem
1379 3024 1512 3081 eontra¹
1531 3024 1718 3079 canones.

188 3130 265 3181 nou
291 3126 412 3179 tamen
438 3126 561 3178 contra
587 3103 809 3177 validitatem
834 3103 1089 3178 ordinationis.
1126 3104 1169 3176 In
1195 3109 1346 3178 eundem
1371 3103 1513 3177 sensum
1549 3105 1718 3193 convenit

188 3204 379 3301 Pignatelii
404 3204 505 3305 supra
532 3206 715 3295 laudatus,
743 3206 829 3279 dum
856 3206 907 3278 ait
935 3233 943 3276 :
959 3209 1074 3293 Juxta
1100 3208 1248 3281 modum
1276 3207 1439 3302 loquendi
1467 3228 1654 3279 canonum
1680 3206 1718 3281 ir·

188 3310 258 3383 rita
284 3308 470 3398 dicuntur,
497 3310 579 3407 quia
606 3309 626 3379 :i
650 3307 724 3394 jure
749 3302 826 3381 sunt
852 3303 1029 3403 prohibita
1053 3362 1063 3398 ,
1091 3314 1125 3384 ὃ(
1150 3334 1224 3381 non
1251 3309 1367 3382 valent
1395 3308 1439 3381 ad
1481 3306 1718 3404 producendos

190 3411 370 3505 legitimos
395 3410 548 3497 effiditts.

293 3509 528 3606 Mittoqnod
552 3507 663 3594 judice
699 3504 844 3581 Petavio
870 3507 1007 3583 &aliis
1035 3508 1126 3603 (b),
1153 3507 1245 3584 salsb
1285 3508 1446 3583 tribuitur
1482 3506 1532 3580 S.·
1559 3506 1718 3585 Damnst

191 3608 337 3707 epistola
364 3613 401 3683 in
425 3609 630 3705 questione.
660 3606 741 3682 Imo
779 3609 816 3681 in
841 3609 983 3699 codice,
1009 3635 1112 3704 quem
1138 3609 1316 3686 Damasus
1355 3608 1452 3703 Papa
1476 3610 1519 3681 de
1546 3609 1718 3710 Episcopi

190 3713 369 3803 Romanae
394 3710 557 3785 Ecclesiae
593 3729 731 3807 petente
765 3707 988 3803 Hieronymo
1026 3712 1250 3809 conscripsit,
1290 3714 1374 3808 legit
1411 3710 1583 3785 Rabanus
1621 3716 1718 3805 (c),

212 3814 285 3888 uod
310 3812 421 3888 Linus
446 3817 481 3889 bt
515 3812 639 3888 Cletus
673 3835 716 3884 ex
753 3833 924 3909 praecepto
961 3810 1001 3885 B.
1028 3811 1121 3888 Petri
1160 3815 1400 3888 ordinationes
1442 3811 1718 3907 presbyterorum

99 3968 102 3973 -
187 3841 371 3991 decerunt:
396 3940 504 4013 quam
530 3915 646 3993 credit¹
668 3914 763 3988 idem
790 3913 919 3988 author
929 3911 994 3987 esse
1021 3917 1172 4013 primam
1182 3914 1490 4012 corepiscoporum
1518 3915 1718 4012 originem,

189 4016 236 4091 dc
261 4017 382 4115 quibus
407 4018 579 4093 Nicolaus
604 4014 634 4088 I.
663 4018 700 4089 iu
733 4014 888 4113 Epistola
916 4018 959 4089 ad
984 4016 1216 4112 Roduiphum
1242 4012 1360 4092 scribit
1388 4017 1462 4106 (d)
1489 4015 1546 4087 Ad
1565 4014 1718 4108 formem

188 4118 410 4216 septuaginta
436 4117 739 4217 (discipulorum)
766 4116 976 4214 corepiscopi
1013 4115 1093 4193 fasti
1119 4118 1221 4210 sunt,
1249 4144 1335 4215 quos
1371 4119 1447 4220 quis
1472 4116 1613 4195 dubitet
1651 4123 1718 4217 epi·

189 4217 374 4315 scopotum
400 4218 552 4295 habuisse
576 4221 700 4308 officia.

293 4319 529 4396 Communius
554 4321 778 4415 exploditur,
805 4318 1063 4415 &primumi
1089 4317 1249 4396 Baronio
1276 4324 1343 4408 (e)
1373 4341 1543 4416 tanquam
1582 4321 1716 4395 aduite-

190 4423 269 4496 rina
295 4421 438 4521 epistola
474 4421 620 4518 Joannis
645 4420 782 4507 Tertii,
817 4444 885 4516 qua
922 4421 1073 4511 dicitut;
1100 4425 1224 4498 Omnia
1250 4425 1409 4497 maxima
1435 4422 1588 4514 concilia
1627 4418 1718 4505 affir-

189 4544 314 4615 mant,
340 4550 422 4600 eum
447 4510 531 4598 non'
548 4520 613 4596 eise
637 4514 859 4618 episcopum,
884 4523 941 4621 qui
968 4526 1083 4599 minus
1108 4550 1215 4622 quam
1243 4550 1263 4597 a
1291 4522 1397 4598 tribus
1422 4521 1591 4621 episcopis
1606 4520 1718 4601 faetus

53 4684 58 4706 .
192 4625 297 4701 suerit
324 4627 526 4726 episcopus.¹
549 4625 702 4724 Ideoque
729 4624 943 4747 ilion-quos
969 4625 1212 4724 corepiscopos
1236 4628 1453 4716 nominatis,
1479 4628 1562 4724 quia
1573 4626 1623 4729 ab
1646 4650 1718 4701 uno

1578 4725 1672 4826 fiunt

232 4916 287 4981 (ὃ)
309 4920 409 4981 usur.
431 4934 496 4974 um.
521 4939 544 4969 ²·
565 4920 626 4987 Inst-
649 4917 698 4972 iit.
722 4935 822 4981 awar-
846 4937 892 4982 30·
1016 4916 1072 4986 (d)
1092 4917 1182 4977 Nicol.
1201 4920 1227 4974 1.
1243 4918 1321 4983 apud
1340 4918 1425 4974 eund.
1448 4933 1470 4975 c.
1493 4937 1520 4980 ς.
1538 4916 1589 4976 col.
1608 4935 1677 4984 ψ.

226 4990 283 5059 (b)
300 4993 584 5058 Pemuapueuard.
596 5010 663 5049 tom.
682 4995 860 5050 nconcilier.
881 4994 930 5050 ecl.
1015 4994 1070 5063 (e)
1092 4997 1190 5055 Beron-
1208 4995 1288 5061 apud
1309 4994 1391 5052 eund·
1414 5009 1479 5052 tm.
1499 5014 1525 5050 ι.
1544 5010 1570 5052 c.
1592 4997 1662 5060 76⁸.

196 5075 260 5133 ³6⁸·
289 5069 575 5136 tentabamus
593 5070 676 5129 eund.
694 5087 718 5131 t·
741 5093 768 5136 5.
794 5089 818 5128 c.
848 5076 930 5139 141⁸.
948 5055 957 5131 Ι
1710 5074 1714 5085 ·
