3856 5678
400 309 550 418 348‘=
836 304 1450 392 Onntrrarronns·

347 486 412 545 us
437 449 684 539 ccclcfiasticas
707 448 972 552 militaresque
996 454 1110 530 deben
1133 450 1297 530 observat
1321 455 1376 530 loc
1400 451 1528 532 Patres
1550 451 1763 552 capellano
1787 453 1876 540 licia
1890 478 1901 545 “,

351 560 449 643 Real
471 560 655 651 Armada,
680 583 703 655 y
739 559 793 634 los
817 555 863 632 dc
886 559 940 633 loc
964 557 1114 659 Vageles
1153 558 1383 657 particulares
1408 557 1453 632 de
1478 556 1616 635 nuestra
1643 557 1874 656 jurifilicimr

349 663 440 764 Quat
463 665 711 742 ordinationes
736 660 826 758 typis
850 661 954 735 editae
989 657 1316 754 circumfemntur,
1346 666 1381 742 ὅ(
1407 684 1557 759 quarum
1581 664 1765 761 exemplar
1800 661 1883 741 fib.

347 768 519 867 scriptum
545 792 580 860 9.
606 764 703 865 Sept.
734 784 844 862 1759.
871 762 915 837 ab
942 761 1000 838 Ill.
1026 761 1079 838 D.
1104 762 1163 838 Pr.
1190 763 1336 841 Thoma
1361 764 1420 840 det
1447 763 1551 842 Valle
1570 762 1750 865 Episcopo
1766 763 1901 853 eadm

350 891 459 963 tane,
485 870 675 945 duruerat
702 867 822 965 Regiae
832 863 958 941 Classis
983 864 1363 959 VicariusGeneralis,
1391 865 1436 941 ad
1462 864 1710 960 manum'est,
1738 865 1880 966 sequen·

348 992 401 1050 tec
426 973 574 1048 adrem
599 966 804 1068 praesentem
831 968 1078 1044 continentur.
1111 992 1141 1044 ι.
1168 971 1221 1044 No
1244 971 1385 1044 omirira
1423 966 1568 1067 stempre
1592 993 1660 1069 quc
1686 970 1805 1070 pueda
1828 998 1876 1051 cc·

349 1075 487 1167 lebrar,
514 1072 673 1151 tambien
705 1075 760 1146 los
784 1072 862 1146 dias
885 1065 1062 1146 feriados.
1101 1095 1138 1150 2.
1165 1071 1317 1169 Aunque
1342 1075 1397 1146 los
1433 1073 1628 1170 capellanes
1653 1072 1698 1146 de
1738 1075 1795 1149 los
1826 1100 1878 1154 na·

346 1179 424 1258 rios
448 1177 493 1252 de
519 1177 697 1252 comercio
722 1199 772 1247 no
798 1195 1004 1271 pertenecen
1030 1176 1051 1247 a
1074 1170 1215 1250 nuestra
1241 1173 1387 1249 Vicaria
1424 1172 1580 1249 General
1606 1175 1651 1248 de
1679 1174 1725 1255 la⁴
1756 1175 1876 1257 Arma·

346 1281 420 1374 da,
445 1304 553 1355 como
578 1278 642 1354 son
667 1276 712 1350 de
737 1274 875 1351 nuestra
901 1273 1105 1366 jurisdicion
1129 1276 1324 1369 ordinaria,
1350 1280 1418 1352 &c
1455 1271 1591 1370 Qubus
1617 1280 1656 1354 ὃ(
1679 1277 1798 1372 praxis
1833 1303 1879 1359 cc·

350 1382 511 1459 lebrandi
537 1378 790 1471 confirmatur,
817 1383 853 1454 bt
877 1402 920 1451 ea
945 1401 1022 1476 quae
1045 1401 1090 1453 cx
1115 1375 1248 1454 Henao
1273 1385 1310 1456 ἃ
1333 1378 1456 1452 Natali
1479 1378 1686 1460 Alexandro
1713 1381 1758 1455 ad
1782 1380 1875 1469 iuris.

337 1486 542 1560 ‘dillionem
568 1481 789 1556 maritimam
814 1480 1029 1578 pertinentia
1053 1480 1166 1565 relata
1191 1478 1294 1558 sunt.
1321 1481 1369 1557 Et
1393 1480 1596 1554 notandum
1621 1478 1696 1573 est,
1724 1485 1817 1581 quod
1838 1486 1874 1564 ab

350 1583 384 1662 E
408 1583 523 1686 iscopo
547 1583 738 1660 Gaditano
762 1606 839 1657 non
867 1599 1010 1657 tantum
1035 1581 1276 1681 permittitur,
1302 1582 1366 1662 sed·
1387 1582 1558 1661 indicitur¹
1590 1585 1808 1681 quotidiana
1828 1611 1870 1668 et·

423 1690 500 1766 atio
523 1687 644 1788 quoad
668 1685 741 1781 ejus
766 1681 842 1760 lieri
868 1682 991 1783 poffit.
1462 1728 1465 1732 -
1726 1686 1728 1691 '
1807 1736 1812 1745 .

716 1886 1304 1970 ORDINATIO
1406 1887 1539 1972 CCIX.
1646 1942 1657 1978 .-

916 1993 1028 2080 Anno
1056 1997 1165 2092 1605.
1194 2016 1228 2093 5.
1254 1990 1325 2091 Jul.

426 2198 565 2276 Cclefia
591 2197 626 2273 S.
654 2194 782 2272 Crucis
807 2196 844 2269 de
868 2197 904 2270 la
929 2198 1067 2288 Sicera,
1094 2198 1182 2273 alias
1208 2196 1305 2271 dela
1331 2203 1528 2289 Barranca,
1552 2195 1594 2272 fit
1621 2158 1642 2275 e
1666 2136 1862 2296 ffcbpilis'ft

384 2344 389 2353 ·
452 2297 589 2378 dioecesr
629 2297 782 2375 Plarensr
819 2299 961 2374 divisa.
1000 2297 1145 2373 Mentio
1170 2295 1212 2372 fit
1239 2301 1278 2377 in
1305 2299 1435 2377 Tabul.
1473 2300 1610 2379 Cltron.
1631 2224 1687 2386 ἱ).
1717 2300 1776 2385 ΩΙ.
1798 2301 1874 2391 Cla-5

347 2404 480 2484 mentis
503 2401 644 2486 Decad.
674 2425 757 2496 12.,
781 2405 818 2479 bc
842 2402 864 2475 a
889 2401 940 2478 D.
968 2401 1133 2477 Antonio
1158 2400 1203 2476 de
1228 2397 1379 2493 Ulloa(
1427 2407 1464 2492 >.
1627 2444 1634 2453 -
1703 2448 1746 2491 ‚2
1867 2426 1896 2485 Ι.

714 2601 1306 2686 ORDINATIO
1408 2604 1519 2685 CCX.

989 2705 1240 2804 Ann016o7.
1361 2706 1381 2802 j

374 2856 382 2976 -Ι
404 2912 498 2994 Edec
522 2912 731 3016 episcopalis
755 2912 858 2990 Verac
892 2913 988 3009 pacis
1013 2912 1054 2986 in
1076 2858 1182 2988 Nova
1216 2907 1392 3014 Hispania
1424 2906 1545 2993 unitur
1579 2878 1854 2998 Guatimalenl·

365 3063 367 3069 ·
429 3017 601 3102 Meminit
627 3018 679 3095 D.
707 3019 863 3118 Joannec
888 3012 986 3094 Diaz
1009 3016 1054 3092 de
1078 3015 1115 3092 la
1138 3012 1244 3095 Galle
1280 3017 1373 3112 (b).
1896 3024 1900 3033 '

708 3217 1306 3302 ORDINANO
1407 3219 1541 3303 CCXI.

984 3322 1304 3419 Annot607.·

216 3492 256 3519 r
423 3527 566 3609 celena
588 3525 859 3630 Angamalenfis
885 3525 944 3606 seu
969 3528 1015 3603 de
1039 3525 1253 3624 Cranganor
1279 3530 1315 3603 in
1340 3529 1470 3629 Regno
1495 3528 1541 3607 de
1563 3484 1720 3611 daretur
1754 3532 1787 3609 in
1809 3528 1850 3607 ln

428 3634 509 3709 .dia
533 3633 701 3709 orientali
728 3628 769 3707 fit
794 3628 1116 3731 Archiepiscopalis
1138 3627 1264 3728 absque
1289 3628 1517 3730 suffraganeis
1532 3655 1678 3713 tamen.
1702 3633 1851 3712 Meminit

343 3733 560 3836 Augustinus
586 3730 740 3809 Barbosa
765 3739 863 3825 (c).
897 3735 976 3811 Nec
1011 3733 1108 3831 quod
1132 3729 1358 3832 suffraganeis
1393 3755 1513 3812 careat
1550 3737 1856 3838 Archiepiscoput,

341 3859 477 3918 novum
501 3836 572 3932 est,
598 3861 682 3912 cum
703 3833 965 3928 Lanciancufi,
992 3839 1029 3911 ὅ(
1053 3833 1251 3916 Rosanensr
1278 3838 1332 3913 vel
1357 3838 1454 3915 intra
1488 3836 1642 3919 ltaliam·
1664 3842 1852 3964 contipgat.

653 3992 1273 4122 -o'nnrunr10
1374 4039 1529 4120 conr.

879 4143 990 4220 Anno
1019 4148 1136 4242 1607.
1163 4151 1221 4221 16.
1248 4141 1349 4220 Febr.

339 4344 571 4526 PRohibct
596 4340 728 4421 Paulus
752 4344 799 4421 V.
824 4343 886 4424 sub
910 4348 1294 4438 excommunicationis
1320 4347 1403 4426 lata
1427 4345 1612 4431 sententia
1638 4375 1751 4453 prena.
1776 4349 1870 4431 Sunt·
1916 4384 1918 4427 :

434 4443 693 4529 mol’ontifici
720 4445 914 4545 reservata,
940 4476 985 4526 ne
1011 4449 1157 4550 parochi
1200 4451 1385 4528 Indiamm
1412 4455 1586 4544 malorem
1624 4458 1774 4558 exigant
1799 4461 1875 4533 eloe·

338 4554 529 4648 mosynam
557 4550 600 4626 ab
627 4551 691 4642 iis,
715 4553 773 4650 qui
802 4554 839 4629 in
864 4553 1110 4630 Eremitarum
1144 4554 1181 4632 S.
1211 4554 1396 4650 Augustini
1435 4557 1652 4655 sepeliuntur
1689 4557 1872 4650 ecclefiis,
1916 4592 1918 4607 ·

338 4656 384 4739 eb
408 4677 521 4754 quam
546 4653 616 4729 illis
648 4653 838 4754 praelcribit,
871 4653 1126 4734 Tridentinum
1152 4664 1217 4747 (1)
1252 4659 1352 4747 juxta
1387 4659 1672 4758 explicationem·
1703 4660 1876 4743 saltanti

306 4837 312 4850 ,
1741 4834 1742 4837 .
1772 4763 1836 4842 Pio

339 4884 1886 4928 -t—-m———n--aae

330 5019 348 5094 ‚b
369 5022 429 5093 (a)
451 5025 532 5085 Wloa
545 5065 554 5093 ,
566 5026 706 5094 {retunt
718 5041 743 5084 e.
757 5022 845 5092 3.1ib.
857 5042 954 5091 neap.
967 5046 1011 5095 η.
1051 5025 1116 5099 (b)
1136 5028 1220 5087 Galle
1230 5069 1241 5100 ,
1250 5029 1427 5092 Norinflccl·
1438 5031 1605 5103 delaslnd.

329 5166 336 5182 ,
365 5098 429 5184 lt.)
450 5099 566 5175 brios·
577 5100 1081 5186 Eumol-&Pot-Bffitinuc·
1095 5121 1224 5183 mma..
1484 5138 1486 5142 ·
