3856 5678
660 280 1237 393 Onnttthrtottss

572 518 1074 601 ORDINATIO
1134 522 1315 603 CDXIII.

728 626 837 701 ¹Artno
866 623 977 721 1687.
1007 624 1066 703 18.
1092 623 1175 721 Jun.
1415 642 1422 656 ·

265 837 473 915 Restionem
498 827 743 909 Univetsrtatis
776 822 1053 905 Guatimalensrs
1090 835 1155 919 (t)
1181 824 1312 931 saltam
1351 825 1513 904 ‘aCarlo
1540 822 1594 902 ΙΙ.
1633 849 1710 902 con·

291 939 409 1013 firmat
435 958 517 1011 cum
543 931 716 1007 facultate
740 930 945 1006 conserendi
982 931 1112 1026 gradus
1137 935 1177 1006 in
1200 933 1364 1007 omnibus
1402 929 1582 1007 scientiis.
1608 926 1709 1005 Eam·

186 1069 253 1143 que
278 1060 383 1118 ornat
406 1037 594 1137 privilegiis
619 1033 781 1109 omnibus
806 1028 1085 1110 Univerfitatum
1107 1033 1268 1109 Limanae
1294 1038 1375 1122 (rt)
1400 1038 1438 1110 dt
1472 1029 1708 1126 Mexicanae,

187 1146 323 1221 servata
350 1144 386 1215 in
420 1131 583 1215 omnibus
609 1132 726 1209 forma
751 1132 907 1211 Concilii
943 1132 1125 1211 Vienensrs
1149 1140 1187 1213 dt
1220 1134 1442 1211 Tridentini.
1480 1134 1596 1211 Extat
1634 1132 1709 1210 ibid.

188 1246 234 1323 C.
268 1244 350 1321 188.
378 1241 508 1338 Incipit
535 1240 566 1312 E
586 1236 764 1335 suprema.
1646 1244 1661 1261 ‘

292 1344 423 1423 Porma
447 1342 486 1417 in
509 1336 677 1417 Concilio
701 1337 866 1415 Vienensr
892 1336 1085 1439 proscripta
1119 1338 1170 1417 est
1205 1342 1242 1416 in
1267 1342 1372 1415 Ckm.
1400 1363 1435 1413 2.
1462 1338 1524 1414 tit.
1563 1340 1617 1411 De
1640 1341 1711 1411 Ma-

186 1448 338 1553 gistris,
376 1446 447 1521 ibi:
486 1441 580 1534 Illis,
607 1441 654 1517 ad
679 1466 766 1541 quos
792 1442 934 1519 ubilibet
961 1445 1112 1539 pertinet
1137 1443 1312 1519 honorem
1340 1440 1493 1517 tribuere
1517 1437 1714 1537 (magiste-

36 1628 48 1645 ,
191 1552 257 1645 rii,
283 1556 319 1629 dt
342 1542 544 1625 dodloratils
566 1549 583 1635 )
607 1541 1015 1642 distridlbpraecipimus,
1040 1567 1079 1619 ut
1106 1538 1341 1644 quoscumque
1363 1543 1408 1618 ab
1431 1544 1482 1617 eis
1506 1543 1646 1617 diilum
1662 1562 1711 1615 re·

192 1656 360 1833 tlhlfl
379 1643 1456 1847 llll‘lgllllll.t‘³¹h.².².lllt.²⁰.hl‘lithltt
1477 1644 1714 1821 ”llllllt

195 1879 257 1937 aut
294 1852 534 1957 magisterium
567 1848 835 1947 quomodolibet
873 1847 1071 1937 adhibenda
1095 1848 1325 1944 expendant.
1364 1847 1462 1944 Ipsos
1485 1848 1717 1923 nihilominus

195 1956 298 2052 (nisi
322 1953 417 2037 sorte
441 1953 607 2031 notabilis
633 1950 858 2047 ,conditionis
891 1950 1074 2040 existant)
1101 1971 1141 2026 ut
1178 1948 1276 2026 infra
1307 1946 1485 2025 summam
1521 1948 1719 2049 prndium

193 2060 365 2153 eiusmodi
391 2056 620 2133 moderentur
644 2050 821 2152 expensae,
847 2049 1037 2128 efficaciter
1061 2050 1314 2129 exhortantes.
1340 2051 1396 2128 Ac
1421 2050 1451 2126 sr
1474 2051 1546 2127 boe
1573 2052 1715 2127 illenim

195 2162 302 2241 statui
327 2183 518 2257 congruere
545 2154 720 2244 viderint,
746 2153 982 2241 juramentum
1006 2155 1184 2249 exigentes
1221 2154 1361 2246 abeis,
1386 2152 1486 2253 quod
1519 2172 1636 2227 certos
1660 2152 1711 2225 in·

196 2261 252 2341 sta
277 2261 455 2337 summam
480 2252 664 2356 praefatam
690 2257 861 2331 taxandus
888 2254 931 2329 ab
957 2252 1034 2353 ipsrs
1058 2254 1287 2352 expensarum
1314 2256 1488 2331 terminos
1518 2262 1595 2331 non
1616 2274 1715 2330 exce·

196 2366 309 2443 dant.
334 2361 450 2462 Siquis
476 2378 596 2435 autem
619 2352 814 2469 pontificali
852 2356 962 2432 etiam
997 2358 1171 2455 dignitate
1193 2352 1439 2455 prefulgens,
1464 2380 1544 2433 non
1577 2364 1717 2453 recepto

198 2467 295 2569 ptius
316 2465 520 2557 'itrrnmento
545 2466 713 2558 praelato,
738 2456 915 2533 honorem
939 2459 1105 2556 cuiquam
1131 2456 1290 2535 tribuerit
1314 2456 1580 2555 supradidlum,
1608 2459 1631 2532 d
1655 2456 1716 2533 col·

193 2569 336 2647 latione
360 2562 551 2665 magisterii
588 2556 648 2657 seu
664 2560 885 2639 doctoratus.
911 2560 1092 2648 cujuslibet
1118 2585 1179 2657 per
1203 2558 1261 2637 sex
1299 2558 1437 2639 menses
1459 2558 1648 2661 sequentes
1680 2580 1719 2632 eo

199 2669 275 2749 iso
298 2668 440 2745 noverit
463 2662 500 2743 se
517 2658 722 2759 suspensum.
748 2658 873 2760 Neque
897 2660 996 2739 aliud
1021 2664 1059 2740 in
1083 2660 1251 2741 Concilio
1279 2662 1445 2740 Vienensi
1467 2664 1517 2739 de
1546 2655 1719 2761 presentis

229 2769 447 2889 ‘rdinationis
470 2784 680 2884 argumento
705 2763 817 2863 reperi
853 2782 975 2883 preter
999 2766 1035 2842 id
1068 2764 1164 2884 quod
1191 2767 1227 2844 in
1252 2771 1357 2843 Clem.
1382 2790 1421 2887 .¹·
1444 2762 1566 2839 oham
1601 2764 1722 2839 deoer·

197 2864 1721 3068 ‘¹³¹¹‘1t”⁰²cl..‘hl¹⁹sltl.tll‘llllltllhltill.wiell...

200 3076 301 3152 sunt.
327 3072 555 3151 Nominatim
574 3068 645 3164 soff.
672 3094 706 3170 5.
732 3096 801 3169 cop.
830 3094 864 3146 1.
901 3078 953 3146 De
976 3069 1147 3165 Reform,
1185 3071 1367 3169 polluam
1402 3092 1524 3168 egerat
1550 3070 1599 3145 de
1636 3066 1724 3143 insli-

203 3176 337 3254 tuendo
362 3174 476 3253 Sacrae
511 3174 698 3272 Scriptura
721 3174 848 3251 ledore
882 3174 922 3248 in
946 3172 1118 3275 ecclesiis,
1152 3098 1393 3269 monaiieriis,
1419 3179 1456 3251 dt
1481 3172 1632 3275 publicis
1663 3192 1725 3267 gy·

201 3276 366 3372 mnasiit,
380 3276 538 3372 -slatuit,
563 3296 604 3351 ut
629 3282 787 3350 Ducentos
812 3269 921 3374 ipsam
945 3275 982 3352 S.
1007 3275 1252 3376 Scripturam,
1278 3277 1368 3353 dum
1392 3274 1531 3375 public&
1566 3274 1607 3348 in
1631 3272 1722 3347 seho-

201 3380 246 3459 lis
271 3382 478 3471 docuerint,
504 3383 541 3454 dt
565 3374 737 3453 scholares
761 3379 821 3476 qui
847 3378 885 3451 in
909 3376 989 3476 ipsis
1013 3376 1142 3457 scholis
1160 3377 1539 3479 studentsprivilegiis
1566 3374 1724 3452 omnibus

202 3484 247 3559 de
272 3484 496 3581 perceptione
520 3476 720 3571 fruetuum,
745 3479 1008 3579 prebendarum
1034 3487 1151 3574 (tv),
1179 3487 1215 3561 dt
1238 3478 1495 3558 beneficiorum
1519 3476 1725 3555 suorumin

204 3579 359 3663 absentia
386 3584 407 3655 d
431 3581 506 3669 jure
542 3581 724 3653 communi
749 3580 914 3657 conceffis
949 3582 1053 3681 plane
1082 3584 1272 3684 gaudeant.
1296 3584 1373 3675 Seffl
1400 3603 1435 3679 7.
1472 3606 1547 3683 cap.
1584 3598 1642 3677 13.
1673 3581 1727 3651 Do

201 3680 352 3779 Reform.
389 3680 613 3779 excipiuntur
646 3677 843 3779 praesentati
879 3681 923 3758 ab
958 3680 1198 3763 Univetlitate
1232 3684 1425 3779 Generali,
1462 3707 1511 3759 ne
1548 3695 1729 3759 teneantur

201 3782 482 3861 ordinariorum
516 3806 667 3860 examen
700 3780 748 3858 ad
781 3778 950 3885 beneficia
985 3784 1097 3863 subire
1131 3843 1142 3880 ,
1180 3811 1398 3885 quamquam
1431 3784 1511 3861 hee
1556 3781 1732 3881 exemptio

203 3886 366 3967 Barbol'ae
390 3885 528 3963 videtur
554 3884 671 3960 ablata
698 3889 772 3973 (a)
798 3910 857 3983 per
882 3912 952 3984 cap.
983 3885 1044 3962 18.
1061 3886 1135 3981 [ιφ
1158 3911 1219 3985 24.
1245 3896 1298 3964 De
1320 3886 1471 3982 Reform.
1486 3884 1586 3980 ,ubi
1611 3884 1664 3957 de
1682 3904 1732 3957 eo·

203 3986 315 4064 elesris
338 3984 596 4087 parochialibus
621 3986 734 4061 sermo
759 3983 831 4080 est,
859 3987 905 4060 ad
930 4012 1016 4087 quas
1038 3991 1205 4067 omnibus
1227 3989 1445 4067 subeundum
1469 3986 1529 4067 est·
1543 4008 1730 4075 exam,

203 4093 290 4189 quin
315 4088 454 4167 obstent
479 4085 759 4167 Universrrarum
784 4090 990 4186 privilegia.
1016 4086 1272 4169 Universrtates
1287 4090 1480 4169 Generales
1508 4090 1731 4191 excipiuntur

200 4190 271 4286 soff.
305 4214 457 4287 14.cap.
486 4213 540 4284 5.,
567 4191 655 4263 dum
677 4190 795 4285 agitur
818 4192 863 4266 de
888 4190 1124 4291 restringenda
1151 4191 1441 4272 conservatorum
1475 4191 1730 4282 iurisditlione·

202 4293 279 4382 ΜΕ
308 4315 369 4364 22.
396 4317 424 4362 c.
453 4313 487 4365 2.
514 4296 565 4364 De
588 4288 735 4384 Reform.
760 4291 981 4383 decernitur,
1015 4315 1056 4370 ut
1083 4297 1344 4392 promovendus
1370 4297 1415 4372 ad
1453 4292 1634 4370 Ecctefias
1662 4286 1730 4363 Ci-

204 4393 381 4469 thedrales
406 4393 444 4468 in
469 4390 703 4470 Univerfitate
728 4390 892 4487 magister
916 4393 970 4467 vel
996 4395 1119 4472 dottor
1144 4394 1210 4492 sit,
1238 4417 1301 4475 aut
1325 4397 1535 4475 licentiatus
1556 4396 1598 4470 in
1616 4390 1731 4471 Theo

160 4541 165 4549 -
205 4495 300 4594 logia
327 4496 381 4571 vel
404 4493 490 4592 Jure
514 4493 706 4575 Canonico
731 4495 863 4569 merito
890 4491 932 4571 srt
957 4518 1162 4595 promotus,
1191 4519 1254 4576 aut
1292 4499 1436 4596 publico
1460 4497 1617 4589 alicuius
1646 4492 1732 4569 Aca

203 4596 328 4675 demiae
364 4598 568 4673 testimonio
605 4598 753 4671 idoneus
780 4598 825 4670 ad
861 4598 1064 4675 docendum
1101 4604 1190 4675 alius
1215 4600 1443 4679 ostendatur..
1477 4596 1651 4698 Idemque
1678 4594 1735 4668 de-

203 4698 357 4801 cernitur
376 4697 448 4793 [effi
476 4718 536 4795 23.
563 4722 633 4797 cop.
665 4695 722 4774 18.
761 4698 805 4775 de
831 4700 873 4775 iis
899 4700 1021 4801 quibus
1055 4700 1274 4781 scholastria
1298 4700 1520 4783 conserenda
1554 4700 1622 4780 sit.
1658 4693 1732 4788 Ses-

495 4892 498 4898 .
1633 4822 1693 4900 ²5·
1724 4830 1727 4835 ’

795 4928 1736 4973 ww

80 5007 85 5015 ’
244 5037 302 5107 ta>
321 5035 405 5105 tot.
424 5042 578 5107 cotom
597 5042 631 5103 a
646 5038 718 5107 too
737 5038 827 5103 arro.
839 5041 898 5129 ‚oe
