3856 5678
825 308 1404 393 Otutnatrouas

660 548 1245 633 ORDINATIO
1343 550 1546 633 oexxlx.

888 656 999 733 Anno
1028 665 1136 759 1614.
1166 681 1224 757 15.
1250 656 1321 756 Jul.

346 856 592 1043 PRovinei'a
614 857 660 937 de
682 856 925 938 Pernambuco
961 865 1000 937 in
1024 859 1171 941 Brafrlia
1195 864 1342 963 erigitur
1368 865 1405 938 in
1440 850 1778 937 administrationem
1797 859 1853 959 spi
1918 838 1922 895 ³

439 960 624 1037 ritualem.
651 961 795 1039 Mentio
820 963 860 1038 fit
886 969 928 1041 in
949 963 1073 1040 Const.
1098 987 1135 1063 4.
1162 950 1295 1043 Bullan
1320 966 1430 1042 Rom.
1459 985 1546 1038 tom.
1575 963 1609 1036 8.
1637 982 1716 1059 pag.
1745 968 1778 1035 6.
1810 963 1852 1035 iu·

348 1080 404 1141 ter.
430 1061 714 1159 'constitutiones
752 1066 954 1142 lunocentii
980 1067 1045 1143 Xl.
1080 1066 1140 1163 jus
1167 1092 1287 1143 autem
1321 1068 1490 1157 ejusmodi
1529 1060 1856 1141 administrationum

348 1168 452 1263 quale
480 1163 522 1238 sit
549 1162 626 1243 vide
651 1165 742 1244 Ord.
771 1194 856 1265 590.
884 1170 975 1245 Vide
997 1171 1111 1243 etiarn
1138 1169 1228 1245 Otd.
1257 1186 1341 1268 375.

454 1265 592 1341 Eodem
618 1296 713 1344 anno
742 1292 801 1366 30.
826 1270 921 1368 Sept.
949 1278 984 1349 dt
1017 1297 1072 1370 ¹5·
1098 1271 1286 1363 Ouobris,
1310 1269 1450 1347 resolvit
1475 1269 1511 1349 S
1538 1269 1693 1346 Rittium
1716 1264 1855 1367 Congre-

349 1369 449 1543 gatio
477 1370 511 1441 iu
540 1368 753 1467 Methana,
778 1374 872 1470 quod
899 1380 1010 1448 clerus
1045 1374 1215 1449 lacessatis
1239 1376 1340 1450 debet
1376 1374 1570 1470 semper&
1596 1373 1633 1444 in
1659 1372 1756 1443 omni
1787 1373 1860 1447 locu
1918 1392 1921 1407 ‘

379 1472 480 1543 abere
508 1475 776 1567 praecedentiam
801 1486 900 1572 lupra
927 1479 1101 1573 regulares
1125 1500 1169 1553 ex
1193 1477 1380 1553 tutiverl'ali
1406 1473 1559 1552 ecclesiae
1597 1469 1857 1550 cousuetudine.
1917 1530 1921 1553 .

351 1570 478 1657 Refert
503 1573 657 1654 Barbofa
682 1576 721 1655 in
745 1574 977 1652 collectaneis
1002 1586 1018 1671 (
1061 1584 1099 1671 ).

747 1778 1249 1861 ORDlNdTlO
1298 1782 1483 1862 CCXXX.

887 1884 997 1963 Anno
1025 1896 1134 1985 ¹⁶¹5·
1165 1894 1227 1962 2⁶.
1252 1885 1349 1961 Mar.

351 2078 484 2259 UT
506 2081 673 2159 Sinarum
698 2088 907 2165 missiouarii
933 2088 1059 2187 posfint
1087 2092 1124 2164 in
1147 2103 1194 2165 eo
1218 2090 1378 2188 imperio
1397 2088 1571 2164 celebrare
1597 2087 1691 2165 testo
1719 2084 1854 2184 eapite,

379 2280 385 2292 ἱ
429 2280 432 2287 ¹
473 2207 547 2258 nou
572 2191 708 2285 vulgati
740 2194 985 2268 &communi
1019 2193 1135 2291 pileo,
1158 2191 1216 2266 sed
1242 2196 1315 2268 alio
1349 2192 1515 2291 proprio,
1542 2198 1577 2267 ὃ(
1602 2188 1635 2267 fi·
1654 2188 1730 2265 sieri
1761 2186 1852 2286 potell

353 2285 509 2370 etutdem
535 2313 619 2362 cum
645 2296 857 2385 paramentis
882 2295 1034 2368 coloris.
1060 2295 1107 2369 Et
1133 2294 1329 2370 sacerdotes
1354 2297 1500 2369 natione
1526 2292 1636 2366 Sinici
1676 2289 1797 2389 polliut
1814 2286 1851 2363 sa

356 2405 417 2457 era
444 2387 640 2465 ministrare
667 2400 702 2473 &
727 2392 920 2469 fundliones
946 2392 1060 2469 sacras
1086 2419 1248 2493 peragere
1281 2397 1379 2485 juxta
1405 2398 1516 2470 ritum
1540 2395 1674 2469 Sanflae
1708 2394 1853 2472 Romanu

355 2482 522 2565 Ecclesiae
547 2492 586 2565 in
610 2495 729 2592 lingua
755 2499 892 2571 erudita
927 2498 1128 2573 Sinarum.
1167 2497 1222 2575 lta
1258 2498 1404 2577 habetur
1432 2498 1469 2571 in
1493 2494 1721 2594 Compeudio
1753 2493 1853 2570 Indico

359 2589 448 2669 anni
474 2610 585 2692 1737.
609 2594 657 2671 V.
681 2598 801 2693 Miffis.
829 2597 958 2704 Incipit
985 2604 1023 2675 In
1049 2601 1225 2677 Generali.

790 2806 1458 2885 ADNOTAYIONBS.

357 2992 374 3027 ’·
408 2997 537 3101 Longe
572 3007 675 3082 aliter
707 3012 915 3085 enuntiatur
945 3010 1097 3086 secunda
1133 3010 1235 3097 hujus
1259 3009 1521 3087 constitutionis
1554 3030 1636 3105 pars
1669 3002 1754 3082 dP.
1775 3002 1856 3104 Iulio

360 3096 520 3177 Cordara
550 3108 644 3199 (b),
668 3110 754 3183 dum
782 3110 886 3186 refert
912 3111 951 3186 P.
977 3113 1157 3211 Trigaltio
1190 3110 1409 3203 concessum,
1448 3109 1582 3186 scilicet
1608 3106 1764 3206 praefenti
1792 3129 1859 3182 con·

358 3199 557 3297 stitutione,
589 3217 633 3282 ft
658 3214 770 3284 liceret
796 3213 911 3287 sacros
936 3218 1074 3290 codices
1100 3217 1137 3288 in
1160 3215 1359 3295 sermonem
1371 3214 1540 3288 Sinatum
1565 3228 1856 3303 converterem

355 3306 567 3403 plebeium,
592 3311 648 3386 sed
672 3316 909 3391 litteratorum
934 3319 1121 3416 proprium.
1146 3314 1256 3412 Qrod
1281 3315 1352 3391 late
1376 3313 1481 3390 distat
1507 3314 1528 3387 l
1552 3309 1730 3389 facultate
1745 3309 1855 3386 nisan

358 3408 585 3499 celebrandi,
609 3420 646 3490 ἃ
672 3414 785 3492 factas
811 3415 1009 3493 func‘liones
1037 3423 1229 3518 peragendi
1263 3420 1383 3516 lingua
1410 3415 1555 3492 stnica.
1593 3412 1716 3491 Litem
1739 3413 1859 3488 dirimat

359 3508 422 3605 qui
446 3510 736 3591 constitutionem
759 3524 874 3618 legere
900 3523 1039 3617 potuit.
1062 3518 1172 3617 Quod
1198 3520 1224 3595 fr
1250 3538 1437 3617 utrumque
1463 3516 1692 3611 conceditur,
1716 3520 1857 3595 nouerat

359 3612 602 3688 omittendum
627 3617 796 3695 historico
818 3624 913 3719 quod
938 3623 1052 3709 majus
1074 3632 1111 3699 dt
1135 3625 1246 3697 rarius
1271 3620 1339 3695 est.
1802 3630 1827 3709 ’.

412 3708 453 3786 Ρ.
479 3710 614 3792 Daniel
638 3716 901 3818 papebrochius
922 3728 992 3812 (c)
1018 3721 1123 3799 refert
1148 3748 1192 3798 ert
1217 3723 1347 3798 auditis
1372 3723 1394 3795 a
1419 3720 1481 3797 fibi
1517 3739 1609 3798 noto
1646 3716 1689 3795 P.
1714 3716 1865 3796 Procurr-

360 3833 440 3889 tore
463 3816 631 3895 mistionis
655 3820 809 3917 finicae,
843 3827 901 3900 cui
935 3821 1119 3899 facultatis
1143 3827 1182 3899 in
1207 3826 1373 3902 Romana
1409 3822 1521 3900 Curia
1549 3822 1782 3923 impetranda
1802 3842 1864 3919 pto·

219 3977 223 3985 .
313 4021 318 4029 .
358 3916 478 3993 uincla
503 3924 719 4002 demandata
743 3927 815 4018 ell,
838 3952 957 4002 revera
983 3931 1138 4026 gratiam
1164 3933 1201 4004 δι
1227 3927 1434 4024 potestatem
1459 3923 1577 4001 officia
1603 3918 1703 4001 sacra
1732 3917 1868 4025 apadSs·

359 4042 425 4095 aas
450 4026 584 4125 vulgari
610 4028 849 4103 litteratorum
875 4030 996 4126 lingua
1022 4030 1208 4127 peragendi
1235 4027 1301 4105 esse
1335 4029 1508 4127 petitam,
1533 4034 1571 4106 dt
1595 4022 1868 4109 annuentem

360 4124 400 4197 ln
424 4122 479 4195 V..
495 4125 691 4223 susceptam
716 4128 782 4203 esse
808 4128 1002 4208 versionem
1028 4126 1178 4206 Miffalis
1201 4133 1361 4208 Romani
1385 4132 1426 4205 in
1449 4131 1583 4207 idioma
1609 4126 1785 4221 finieram,
1801 4146 1868 4204 m·
1914 4134 1919 4179 ¹

360 4225 572 4300 minandam
597 4229 820 4325 deinceps&
854 4232 928 4308 ttftsi
965 4238 1185 4330 aptandam.
1220 4228 1434 4309 Innocentio
1458 4231 1525 4309 xl.
1549 4231 1693 4308 sedente
1725 4230 1874 4309 Roman

364 4328 474 4401 allata
508 4328 598 4403 ella
625 4333 663 4407 dt
697 4356 905 4431 quanquam
936 4334 1104 4411 Summus
1139 4333 1307 4410 Pontifex
1341 4334 1567 4427 inclinabat,
1601 4351 1645 4408 ut
1676 4348 1875 4430 exoptatam

360 4425 570 4507 facultatem
596 4436 826 4528 concederet,
853 4437 1010 4513 aliorum
1030 4438 1221 4516 distantiae
1242 4437 1317 4514 hoc
1338 4438 1525 4535 negotium
1550 4422 1877 4514 intenmbatumest

363 4532 504 4636 primo,
529 4536 654 4613 deinde
679 4533 922 4636 disperatum·
1218 4554 1228 4567 “

411 4634 473 4743 De
498 4638 681 4739 priuilegio
706 4641 847 4741 tegendi
870 4658 977 4743 caput
1002 4638 1081 4716 huc
1102 4641 1210 4720 habet
1234 4639 1456 4742 Theophilus
1491 4638 1702 4722 Rainauslus
1727 4638 1816 4817 (pl)
1840 4654 1881 4711 6

1750 4762 1843 4819 trus

355 4856 1888 4903 m

399 4933 460 5001 tat
478 4933 617 5000 urbest,
636 4934 669 4990 ν.
690 4931 809 4993 eleus-
1052 4906 1059 4913 ’
1181 4936 1234 5007 tc)
1255 4936 1376 5004 amu.
1396 4938 1497 4999 cm.
1516 4935 1617 4997 caat
1633 4934 1690 5007 [aa
1707 4934 1801 4993 aaa.
1820 4926 1865 4987 ιι.

359 5004 713 5159 ’ἑξκὶιῑῖιόαωᾶᾅ
728 5012 905 5073 drohn
921 5026 1103 5079 muts.
1139 5012 1352 5165 „masfa
1375 5030 1444 5079 ru.
1470 5014 1556 5085 m
1580 5015 1620 5081 da
1645 5010 1738 5075 Risu.
1757 5006 1886 5083 [alito
