3864 5686
21 5042 51 5087 Ni

49 5094 53 5120 l

321 769 417 868 s...

382 330 454 423 me
714 344 718 349 ·
810 317 1394 398 Onniuariouus

329 459 371 541 ut
395 462 517 539 diebus
542 458 835 561 quadragesima,
861 467 899 541 dt
925 462 1003 540 aliis
1040 461 1080 538 in
1106 479 1203 537 anno
1237 457 1425 559 prohibitis
1457 455 1585 557 possint
1628 477 1690 557 per
1711 459 1874 558 *triginta

331 593 444 644 annos
470 565 559 640 vesci
583 566 691 657 ovis,
730 564 979 664 lasticiniisque
1005 620 1017 658 ,
1043 566 1180 662 inquit:
1206 561 1438 661 Suspendimus
1473 568 1520 639 ἃ·
1544 558 1793 659 suspendemus
1817 561 1872 638 fa·

329 673 482 744 cultates
507 692 631 744 ornnes
657 667 816 746 vescendi
844 668 1042 762 carnibus,
1078 667 1198 745 butiro
1231 667 1300 743 suis
1324 717 1335 739 .
1363 718 1410 740 ..
1448 663 1719 763 quomodolibet
1752 663 1875 762 conces-

431 870 608 948 Confirm.
636 891 694 971 3.,
718 876 799 974 quia
825 877 968 953 licentia
994 898 1069 974 qua
1095 899 1155 972 pei
1164 871 1300 949 bullam
1327 870 1493 946 cruciata
1518 893 1747 946 communem
1756 871 1872 950 etiam

331 976 488 1051 indicam
513 979 720 1074 conceditur
744 977 873 1072 la’icis,
899 976 1051 1054 restrisia
1076 976 1125 1053 est
1150 976 1196 1051 ad
1221 999 1288 1051 ova
1314 979 1350 1050 ἃ
1374 973 1574 1049 lasticinia:
1600 977 1637 1049 dt
1670 996 1748 1073 qua·
1782 995 1871 1058 cota

332 1079 470 1152 ceditur
494 1079 627 1154 clericis
652 1077 802 1154 restrista
830 1081 876 1156 ad
900 1082 973 1155 dies
997 1076 1315 1178 quadragesimales
1340 1096 1466 1174 praeter
1502 1073 1766 1152 hebdomadam
1791 1099 1874 1152 ma·

331 1180 445 1270 jorem
471 1202 531 1277 per
556 1179 700 1257 Bullam
724 1179 933 1278 specialem,
959 1183 1103 1282 quanvis
1129 1181 1167 1256 id
1191 1204 1265 1256 non
1301 1181 1501 1275 exprimat,
1527 1177 1676 1276 ,videtur
1710 1178 1872 1257 limitare

331 1282 515 1358 licentiam
541 1285 700 1382 alioquin
724 1287 926 1382 generalem
953 1287 999 1361 ad
1023 1282 1125 1361 usum
1149 1284 1261 1360 etiam
1285 1280 1488 1380 sagiminis.

437 1384 497 1459 Ad
522 1385 642 1477 objesl.
669 1385 757 1461 Tria
786 1388 822 1461 in
846 1388 961 1464 editio
985 1388 1236 1478 continentur,
1261 1407 1414 1485 quorum
1440 1401 1562 1458 tamen
1587 1383 1727 1458 nullum
1751 1379 1872 1460 obstat

331 1484 576 1563 consuetudini
602 1489 639 1561 iii
664 1485 871 1587 quastione.
897 1498 983 1574 Non
1008 1478 1184 1587 piimum3
1221 1511 1308 1561 nain
1342 1484 1486 1560 verbum
1522 1486 1610 1560 illud
1645 1488 1876 1586 Encergamos

329 1606 547 1690 gravamente
572 1593 607 1664 la
631 1592 831 1684 conciencia,
857 1616 932 1665 noti
957 1593 1092 1666 inducit
1120 1614 1181 1688 per
1205 1588 1240 1665 se
1263 1588 1541 1686 obligationem,
1567 1585 1625 1661 sed
1650 1586 1700 1662 est
1726 1586 1877 1663 tantini

332 1690 538 1767 admonitio
565 1692 756 1790 ponderosa
782 1715 834 1768 ut·
847 1691 1065 1786 consideres,
1093 1717 1140 1767 an
1164 1693 1202 1766 iii
1228 1689 1444 1767 conscientia
1478 1688 1654 1787 obligatus
1679 1687 1745 1764 sis.
1783 1689 1877 1767 Non

329 1791 521 1868 secundum
543 1822 564 1881 y
589 1794 822 1887 advertim013
849 1794 1029 1878 isinana
1054 1795 1200 1870 tantlim
1226 1793 1419 1870 advertitur
1438 1790 1502 1868 seu
1535 1792 1737 1867 declaratur
1773 1791 1875 1890 quoe

330 1894 546 1971 verissimum
571 1894 643 1990 cst,
667 1897 802 1972 bullam
828 1899 995 1973 cruciata
1018 1920 1248 1972 communem
1271 1920 1346 1972 non
1371 1892 1527 1993 prodesse
1552 1893 1686 1967 clericis
1712 1892 1759 1968 ad
1770 1894 1871 1971 saai-

328 1997 507 2092 einiorum
532 1996 630 2073 esum
654 1999 707 2074 vel
733 1997 859 2092 usum,
885 2023 965 2074 cum
991 2001 1212 2095 excipiantur
1235 1995 1388 2097 expresse
1413 1997 1451 2071 iii
1476 1996 1569 2071 illius
1589 2013 1694 2071 textu
1720 2015 1783 2096 aut
1819 2015 1874 2072 te·

328 2123 439 2174 nore:
464 2101 661 2198 meritoque
685 2101 892 2198 reprobatur
915 2104 1041 2199 quavis
1066 2099 1282 2175 consuetudo
1308 2100 1346 2173 in
1371 2099 1561 2196 opinione,
1588 2118 1649 2173 aut
1674 2098 1798 2194 opinio
1830 2098 1873 2172 iii

327 2199 582 2278 consuetudine
607 2200 780 2296 fundata,
806 2228 875 2301 qua
902 2204 990 2278 illud
1015 2201 1234 2294 affirmetur,
1261 2201 1443 2291 videlicet,
1470 2198 1607 2274 bullam
1640 2223 1874 2275 communem

328 2301 485 2402 prodesse
511 2305 645 2380 clericis
672 2305 717 2380 ad
740 2302 939 2381 laslicinia.
964 2304 1048 2381 Hoc
1075 2327 1198 2379 tamen
1223 2301 1372 2379 minimd
1397 2301 1615 2378 intendimus
1635 2299 1869 2400 inpraesenti.

329 2406 418 2483 Non
445 2406 601 2482 tertium*
611 2437 633 2496 y
659 2436 716 2503 qne
741 2407 897 2482 incarran
922 2435 959 2481 en
983 2411 1075 2508 culpa
1100 2409 1227 2482 mntal
1237 2435 1251 2496 ,·
1276 2406 1346 2480 hoc
1371 2405 1468 2482 enim
1495 2403 1540 2479 ab
1563 2402 1728 2479 omnibus
1764 2404 1874 2481 intel³

328 2509 521 2686 ligqndunq
540 2565 551 2602 ,
576 2508 643 2584 nisi
670 2513 743 2587 alio
767 2536 876 2610 quam
896 2510 1112 2605 ¹communis
1133 2508 1260 2599 bullae·
1276 2508 1382 2584 titulo
1418 2503 1650 2599 excusentur,
1684 2523 1725 2582 ut
1750 2500 1793 2583 fit
1827 2506 1869 2583 in

332 2633 492 2687 cauno
522 2636 583 2687 ro.
1452 2642 1455 2649 ·
1572 2652 1573 2655 ¹

330 2726 333 2731 “
435 2707 475 2787 Ρ.
501 2711 704 2788 Avendafio
730 2715 799 2788 loc.
826 2715 887 2791 cit.
914 2714 1078 2792 Edisium
1102 2714 1281 2814 quoddam
1309 2709 1411 2788 affert
1435 2707 1866 2805 relatoPlatensisimile,

330 2838 403 2914 quo
427 2813 671 2912 subdelegatus
697 2814 868 2890 Limensis
893 2818 1111 2909 declaravit,
1140 2814 1442 2914 transgressionem
1469 2814 1683 2890 abstinentia
1706 2815 1728 2887 al
1748 2810 1875 2910 sagina

330 2913 398 2990 csse
425 2933 611 3012 peccatum
636 2916 798 3011 laethale,
824 2917 884 2995 sub
909 2920 1282 2995 excommunicatione
1308 2916 1491 3016 iniungens
1515 2911 1806 3006 consonantiam
1834 2913 1874 2990 id

329 3017 575 3116 penitentibus
598 3019 868 3098 denuntiarent.
894 3023 1008 3099 Addit
1035 3044 1177 3113 tamen,
1203 3022 1240 3095 in
1265 3016 1418 3094 Peruvio
1443 3020 1645 3119 praedisbum
1667 3016 1770 3092 usum
1804 3036 1873 3115 pro

328 3120 432 3196 licito
457 3120 620 3199 habitum
646 3122 879 3200 nihilominus
904 3123 970 3201 esse
995 3121 1069 3203 sine
1095 3123 1192 3201 bulla
1219 3122 1312 3221 apud
1338 3122 1432 3198 viros
1457 3117 1872 3201 douostccoiiscienno-

328 3219 522 3300 sos'ctiam
547 3224 624 3324 post
649 3226 948 3303 declarationem.

434 3322 563 3403 Prima
588 3326 872 3414 confirmationis
897 3329 1001 3406 verba
1039 3329 1144 3421 sunt,
1179 3344 1221 3403 ut
1245 3350 1290 3400 eir
1314 3350 1438 3402 eorum
1478 3342 1601 3402 tenore
1638 3336 1761 3425 patet,
1796 3344 1873 3400 nou

328 3423 537 3520 Pontificis,
562 3426 622 3502 sed
645 3427 885 3505 Commissarii
912 3429 1100 3505 Generalis
1120 3428 1323 3505 Cinciam:
1360 3434 1396 3506 bc
1431 3430 1528 3528 quod
1553 3429 1623 3503 illis
1658 3452 1733 3502 non
1771 3440 1873 3502 revod

328 3546 457 3602 centur
480 3551 546 3602 nec
579 3527 838 3626 suspendantur
870 3528 1058 3608 facultates
1094 3534 1169 3621 iure
1192 3531 1514 3608 consuetudinario
1550 3531 1738 3622 munitae,
1773 3542 1874 3604 tenet

328 3651 421 3732 eum
440 3631 624 3708 communi
649 3628 823 3706 sententia
849 3630 987 3709 Mendo
1013 3638 1109 3725 (a),
1137 3639 1172 3711 dc
1197 3632 1294 3731 quod
1319 3632 1490 3722 ejusmodi
1516 3627 1706 3707 facultates
1726 3652 1874 3706 revoca-

327 3730 361 3806 ri
387 3727 516 3808 debent
541 3755 603 3830 per
629 3733 689 3809 illa
717 3752 780 3810 aut
806 3732 933 3812 similia
960 3736 1063 3811 verba
1089 3739 1162 3810 Nun
1186 3735 1327 3822 obstante
1351 3735 1596 3833 confitetudine,
1622 3761 1665 3808 ex
1689 3755 1760 3830 cap.
1773 3754 1810 3809 a.
1822 3737 1877 3807 De

327 3830 421 3919 cons.
447 3833 482 3908 in
507 3841 567 3928 6.,
592 3833 652 3910 ubi
678 3836 830 3913 dicitur:
856 3837 951 3914 [icit
975 3829 1162 3917 Romanus
1186 3834 1354 3914 Pontifex
1379 3841 1463 3940 (qui
1486 3838 1564 3932 iura
1588 3837 1713 3912 omnia
1739 3835 1777 3910 in
1788 3832 1873 3908 scri-

328 3937 395 4033 nio
417 3937 562 4034 pauoris
585 3936 637 4013 sui
664 3939 823 4017 censetur
847 3934 999 4032 habere)
1025 3939 1314 4017 constitutionem
1337 3942 1477 4018 edendo
1502 3937 1750 4038 posteriorem,
1776 3936 1875 4036 prio·

326 4048 405 4114 rem
428 4041 586 4139 quamvis
611 4041 656 4115 de
681 4040 753 4139 ipsa
779 4044 1001 4119 mentionem
1025 4067 1099 4126 non
1123 4034 1256 4136 saciat,
1282 4067 1448 4121 revocare
1481 4041 1667 4131 noscatur;
1704 4038 1789 4138 quia
1815 4055 1874 4114 ta·

328 4161 413 4214 men
440 4146 602 4215 locorum
626 4141 855 4240 specialium,
880 4150 916 4223 bt
942 4143 1169 4244 personarum
1193 4144 1409 4242 singularum
1434 4143 1702 4221 consuetudines
1727 4145 1765 4218 de
1802 4137 1871 4216 sta·

329 4258 411 4316 tuta
438 4240 549 4330 (cuni
574 4239 642 4317 sint
666 4239 773 4339 faui,
800 4251 836 4326 dt
862 4247 898 4321 in
923 4243 1017 4323 fallo
1043 4246 1260 4337 consistant)
1286 4247 1389 4348 possit
1415 4246 1642 4348 probabiliter
1667 4246 1869 4341 ignorare,

329 4339 433 4439 ipsis,
458 4343 546 4419 dum
572 4363 694 4419 tamen
719 4343 786 4421 sint
809 4350 1037 4427 rationabilia
1065 4374 1126 4448 per
1150 4348 1441 4426 constitutionem
1467 4347 1544 4426 ise
1568 4349 1708 4425 noviter
1733 4345 1875 4421 editam

328 4442 419 4534 (nisi
443 4442 597 4544 expresse
619 4469 787 4524 caveatur
810 4449 930 4548 ipsa),
955 4477 1031 4529 non
1056 4453 1267 4551 intelligitur
1290 4455 1328 4529 in
1355 4455 1476 4552 aliquo
1500 4451 1653 4550 derogare
1677 4501 1687 4521 .
1713 4446 1752 4521 Si
1782 4449 1873 4525 verb

330 4545 518 4644 pontificia
553 4549 760 4628 constitutio
795 4576 869 4627 non
901 4555 1051 4654 derogat
1075 4555 1330 4632 consuetudini
1365 4555 1548 4654 speciali,
1582 4579 1650 4630 nec
1683 4550 1876 4629 decretum

329 4646 573 4728 Commiffaiii
599 4707 611 4744 ,
636 4652 732 4752 quod
757 4653 849 4732 illius
874 4658 1004 4734 virtute
1030 4653 1162 4735 fertur:
1180 4657 1347 4736 maxime
1362 4679 1456 4735 'curn
1490 4657 1562 4733 hoc
1597 4653 1732 4732 feratur
1766 4674 1876 4752 gene·

331 4752 454 4827 taliter
480 4777 544 4851 pro
568 4753 679 4854 Regis
698 4754 887 4835 Catholici
914 4760 1129 4855 ditionibus,
1154 4782 1230 4837 non
1243 4763 1390 4840 attentis
1413 4758 1666 4837 consuetudine
1693 4754 1877 4835 &neces-

1688 4959 1747 5037 Ad
1778 4985 1815 5038 2.

327 5072 1874 5117 munnam—”numantinum

370 5127 427 5199 (ὃ)
448 5132 571 5204 Μθπᾶο,
590 5133 671 5203 Μ’·
693 5154 737 5204 ²9·
758 5138 1036 5212 visenerina.
1059 5162 1087 5199 a.

304 4849 436 4939 ,sitite
459 4854 625 4934 locorum
650 4855 872 4956 specialibus.
