3856 5678
402 346 905 424 Αιοςτοιιοιι.
965 367 1071 446 1500
1130 354 1237 469 r563.
1455 372 1523 424 arr

67 487 150 564 liunt
175 481 357 585 episcop0,
387 487 566 587 episcopos
591 512 664 560 non
690 487 756 563 esse
777 486 978 586 perspicuum
1003 484 1063 574 eli.
1090 461 1256 564 Unitas
1247 459 1353 585 tgitut
1381 458 1586 597 ordinantis
1647 554 1650 559 ,

71 615 136 667 non
162 589 276 663 obstat
303 591 536 665 ordinationis
561 591 695 681 valoti,
722 589 748 663 fi
773 591 816 662 de
842 612 967 666 caetero
992 591 1167 664 canonica
1193 587 1255 663 stt.

167 697 216 765 At
243 691 462 802 poslquam
450 718 469 766 a
495 691 583 765 Sede
611 691 835 788 Apostolica,
863 696 936 770 bt
924 719 944 766 a
969 691 1142 764 Conciliis
1178 689 1330 788 pluribus
1366 666 1585 812 prohibitum

72 793 130 886 efl,
155 818 200 866 ne
226 793 375 891 episcopi
414 796 696 870 ordinarentur
688 820 723 868 tn
750 794 839 867 villis
864 798 915 868 vel
945 793 1073 891 abliteqt
1097 794 1215 890 plebe,
1241 798 1277 871 dr
1304 820 1347 869 ne
1386 793 1450 868 nist
1477 798 1585 871 tribus

73 849 348 971 concurrentibus
373 894 680 983 consecrarentur,
708 897 844 970 credere
870 893 954 969 est
944 921 981 968 ιιι
1017 897 1230 993 presbyteros
1268 899 1408 985 tantum
1445 899 1586 973 ordina-

74 1021 120 1074 tos
143 998 290 1071 vicarios
317 996 488 1092 quosdam
514 994 700 1086 foraneos,
719 998 784 1093 qui
812 995 1056 1095 episcoporum
1083 997 1156 1070 vice
1182 994 1281 1094 super
1307 997 1437 1071 horum
1472 1000 1585 1097 gregis

74 1098 222 1199 portione
250 1097 515 1196 speculatores
506 1122 542 1170 ιιι
580 1097 681 1170 certis
721 1094 812 1170 villis
837 1100 1000 1173 excubias
1036 1118 1209 1193 agerent,
1247 1097 1348 1173 ideo
1366 1099 1585 1200 (crepiscopos

76 1201 277 1298 appellatos,
305 1224 345 1273 ac
370 1201 531 1297 deinceps
556 1199 877 1296 archipresbyteros:
916 1201 960 1275 de
997 1199 1118 1296 quibus
1155 1197 1349 1296 srquando
1375 1199 1517 1276 suarum
1538 1198 1590 1277 sa·

66 1302 235 1376 ‘cultarum
263 1302 412 1375 modum
437 1303 662 1392 excederent,
700 1320 741 1375 ut
777 1299 840 1392 fit,
868 1302 1026 1397 intelligi
1052 1298 1208 1398 possunt
1220 1304 1358 1396 dedice
1385 1304 1498 1378 aetatis
1535 1305 1588 1380 itt
1604 1387 1608 1395 ,

74 1404 216 1494 vestitae,
244 1424 283 1478 ιιι
310 1404 371 1478 illa
398 1427 506 1501 quam
532 1415 576 1477 cx
602 1402 725 1477 Leone
751 1400 822 1476 111.
848 1400 954 1479 refert
981 1396 1131 1479 Carolus
1135 1397 1348 1533 Magths
1338 1428 1375 1478 tn
1399 1402 1587 1505 capitula-

73 1503 173 1580 ribus.

159 1606 312 1703 Reliqua
337 1604 488 1696 objecta·
499 1630 573 1678 non
606 1604 768 1698 obstant3
794 1603 949 1682 fatemur
972 1609 1091 1698 enim,
1118 1621 1179 1705 per
1204 1607 1318 1682 saeros
1354 1632 1507 1684 canones
1532 1606 1582 1683 es·

77 1705 102 1781 se
122 1707 313 1805 prohibitas
340 1708 582 1781 ordinationes
607 1707 850 1805 episcoporum
886 1706 993 1783 fallas
1018 1711 1135 1785 minus
1161 1736 1269 1806 quam
1303 1735 1322 1784 a
1350 1712 1479 1786 tribus.
1514 1708 1587 1783 hoc

78 1831 182 1883 tamen
207 1833 282 1883 non
309 1810 459 1902 pertinet
498 1809 541 1882 ad
568 1809 800 1884 ordinationis
824 1812 1004 1902 valorem,
1033 1809 1248 1888 &Ecclesra
1287 1809 1398 1908 potest
1435 1835 1588 1887 canones

78 1911 272 2003 immutare,
298 1935 450 2026 quorum
476 1912 620 2007 aequitas
647 1911 667 1982 d
693 1913 794 1986 nullo
819 1914 1030 2009 ultraquam
1057 1914 1213 2009 praellare
1240 1910 1363 2009 pofftt,
1390 1913 1521 2009 exigit,
1546 1933 1588 1985 ut

78 2013 170 2129 inquit
197 2009 280 2086 Pius
307 2011 409 2084 tv
399 2036 434 2085 tn
463 2028 560 2088 textu
587 1996 770 2109 praesentis
782 2013 1037 2088 ordinationis.
1064 2012 1275 2123 Exemplum
1309 2011 1481 2107 Jacobi
1468 2038 1488 2085 a
1528 2012 1589 2087 tri-

76 2106 141 2186 bus
145 2113 322 2209 Apostolis
360 2113 550 2204 ordinati,
586 2111 613 2186 st
653 2113 891 2203 admittatur,
926 2116 969 2188 ab
1003 2117 1168 2191 omnibus
1203 2138 1270 2212 ¹ettp
1272 2116 1455 2190 licandum
1505 2111 1587 2206 est,

79 2237 144 2288 nam
168 2212 357 2310 Jacobus
347 2240 420 2304 tam
447 2239 523 2290 erat
558 2240 640 2288 eunt
666 2217 743 2288 aliis
770 2219 826 2314 Ap
829 2213 993 2290 oslolisd
1027 2216 1170 2292 Christo
1205 2143 1371 2293 Domino
1405 2216 1589 2292 ordinatus

78 2316 105 2388 in
125 2316 356 2414 Episcopum,
393 2341 506 2413 neque
543 2331 681 2412 poterat
709 2316 861 2390 rursus
849 2341 870 2389 a
898 2319 1004 2391 tribus
1031 2319 1109 2392 aliis
1144 2316 1325 2393 ordinari.
1360 2316 1467 2392 Forte
1504 2343 1588 2393 cum

75 2411 245 2510 lacobus
236 2442 272 2491 tn
299 2415 376 2492 sede
402 2415 708 2491 hierosolimitana
732 2416 942 2491 constitutus
968 2418 1041 2509 est,
1069 2419 1245 2495 adhibitus
1270 2419 1319 2495 est
1351 2421 1438 2493 ritus
1464 2420 1588 2516 aliquis

80 2518 213 2596 itrtbus
238 2521 298 2620 qui
325 2520 558 2595 nominantur
584 2516 783 2617 Apostolis,
820 2539 861 2594 ut
885 2543 929 2595 ex
953 2517 994 2594 P
1020 2521 1150 2598 Suarez
1175 2521 1423 2640 ιιιῐιιιιάιοιιιι
1457 2519 1588 2619 Pigna
1605 2544 1608 2553 ·

79 2621 155 2696 telli

161 2719 348 2819 Qudquid
373 2721 415 2794 de
450 2721 521 2797 hoc
556 2719 631 2813 stt,
656 2694 774 2797 forma
800 2724 862 2797 illa
891 2721 1119 2800 adhibendi
1107 2750 1143 2800 tn
1179 2723 1444 2802 consecratione
1481 2725 1590 2800 trium

80 2829 287 2917 prelatorum
313 2847 499 2896 numerum
527 2847 546 2894 a
571 2825 654 2914 juris
680 2825 844 2898 canonici
871 2826 1068 2900 doctoribus
1093 2852 1168 2901 non
1196 2831 1245 2904 ita
1272 2827 1429 2903 censetur
1455 2823 1522 2900 effe
1544 2827 1590 2901 dc

79 2920 275 3016 substantia,
301 2943 342 2996 ut
368 2925 480 3018 inquit
512 2926 625 2998 Azor.
652 2924 774 3023 Neque
800 2923 971 3001 sententia
995 2928 1126 3003 Glosfae
1151 2929 1200 3004 est
1224 2956 1325 3021 vera,
1350 2927 1378 3004 st
1399 2925 1592 3003 substantia
1642 2928 1699 2978 ἰ’
1788 2914 1793 2922 ’

76 3029 252 3124 accipiatur
286 3049 349 3123 pro
385 3020 528 3098 essentia
565 3023 826 3101 sacramenti.
858 3025 978 3100 Potest
1024 3028 1109 3102 verb
1159 3031 1228 3105 dici
1276 3032 1363 3104 ritus
1398 3035 1433 3106 bt
1470 3026 1618 3105 forma·
1735 3025 1751 3038 ⁹

74 3119 291 3216 substantialis
321 3180 332 3217 ,
382 3147 552 3222 quatenus
588 3125 809 3202 consecratio
847 3127 950 3200 aliter
987 3125 1060 3202 stne
1107 3128 1363 3228 dispensatione
1401 3128 1509 3203 sada
1538 3122 1623 3206 est‘.

72 3221 156 3305 irrita
191 3213 386 3305 secunditm
421 3229 571 3304 modum
607 3228 772 3329 loquendi
810 3251 990 3302 canonum
1024 3223 1128 3330 supra
1166 3230 1400 3338 itPignatelli
1437 3230 1590 3331 explica
1717 3229 1719 3233 ¹

160 3433 250 3510 Dixi
277 3434 320 3506 de
345 3405 469 3529 Jacobi
496 3434 681 3530 exemplo,
708 3437 746 3505 Si
770 3431 997 3509 admittatur.
1023 3432 1241 3510 Continetur
1265 3434 1409 3508 enimin
1435 3398 1592 3532 quadarn

64 3534 203 3637 epistola
230 3536 350 3609 decret
353 3535 399 3609 ali
434 3535 598 3609 Anacleti
634 3533 774 3633 Papae,
809 3536 904 3610 unde
930 3562 1046 3611 canon
1073 3537 1130 3612 ille
1155 3537 1203 3613 est
1229 3536 1454 3633 desumptus,
1493 3536 1593 3615 &in

60 3640 128 3715 alia
168 3637 346 3728 Aniceti,
384 3660 426 3710 ut
461 3633 565 3709 refert
592 3634 658 3710 loc.
687 3638 747 3710 cit.
781 3635 932 3737 Casttop
935 3642 1065 3713 alaus
1104 3640 1153 3712 At
1192 3638 1423 3715 decretalibus
1458 3637 1592 3712 horum

46 3727 299 3828 Pontifi'cum,
327 3692 365 3815 ιιι
391 3740 542 3813 aliorum
568 3738 630 3837 usq
630 3763 674 3812 ue
702 3738 746 3812 ad
772 3738 959 3830 Siricium,
986 3738 1128 3816 nonest
1154 3740 1591 3846 indubitataaurhoritas,

46 3861 100 3918 tu
127 3842 207 3917 vide
234 3791 324 3914 lusia
351 3837 486 3914 Ordr
472 3858 555 3936 ι33.
585 3767 630 3932 §q
645 3863 676 3914 2.
705 3840 750 3911 ad
774 3839 893 3922 obietl.
923 3861 958 3937 3.

106 3939 472 4038 ()111)Dispensavit,
499 3957 537 4015 ut
563 3943 725 4039 deinceps.
751 3936 922 4039 Qamvis
957 3941 1031 4014 haec
1056 3938 1266 4038 dispensatio
1301 3929 1512 4014 extendatur
1547 3939 1592 4018 ad

50 3955 185 4122 onines
213 4045 249 4118 in
277 4041 452 4143 posterum
477 4042 694 4141 eligendos3
732 4044 795 4117 ad
792 4028 1014 4147 quemlibet,
1040 4043 1127 4117 dum
1156 4060 1414 4161 promouetur,
1432 4042 1590 4117 mittitur

46 4140 182 4225 Romd
209 4169 292 4219 cum
318 4146 396 4220 allis
423 4145 518 4219 bulla
544 4144 728 4243 peculiaris
753 4134 1043 4243 dispensationis,
1069 4151 1129 4223 ut'
1137 4146 1276 4220 notavit
1289 4141 1358 4217 lll.
1371 4143 1590 4241 Villartoel,

48 4247 169 4326 &est
194 4265 347 4321 notum.
374 4245 417 4320 ld
443 4246 537 4344 quod
562 4245 734 4352 Capitulo
760 4244 1008 4352 Paraguaienst
1034 4249 1121 4322 olim
1148 4246 1324 4335 judicandi
1352 4243 1457 4324 causa
1482 4244 1592 4342 suit,
1599 4272 1608 4281 ’

46 4344 169 4426 Breve
194 4347 347 4423 Pianum
374 4351 429 4422 vel
454 4346 521 4422 effe
558 4370 786 4440 revocatum,
824 4349 877 4422 vel
898 4337 1048 4424 caruisse
1069 4349 1166 4443 usu,
1193 4370 1232 4426 ut
1258 4349 1455 4424 habetur
1445 4374 1484 4423 tn
1509 4375 1594 4447 qua·

50 4450 147 4529 dam
173 4447 328 4540 eiusdem
354 4448 512 4548 Capituli
549 4448 770 4549 responsrone
796 4449 842 4522 ad
879 4448 1123 4548 provistonem
1148 4406 1208 4526 feu
1243 4450 1425 4525 decretum
1461 4448 1593 4548 Judicis

54 4546 334 4672 Metropolitani
362 4553 565 4649 expeditum
591 4577 687 4627 anno
717 4559 825 4669 1646.
857 4573 915 4647 tq
943 4551 1090 4625 Martii
1117 4553 1187 4628 Sed
1221 4549 1329 4634 Bulla
1368 4553 1412 4625 ad
1423 4552 1594 4652 quemli

21 4652 155 4732 ‘bet
143 4679 182 4730 tn
208 4654 412 4752 particulari
454 4656 600 4729 eledttm
634 4653 731 4728 mitti
771 4651 883 4748 potest
922 4653 967 4724 ad
995 4651 1280 4742 abundantiam,
1320 4654 1442 4724 velex
1477 4648 1596 4726 Curiae

54 4757 166 4865 stilo,
193 4776 255 4835 aut
283 4755 409 4835 melius
440 4757 521 4851 quia
548 4754 657 4830 Breve
681 4753 833 4830 Pianum
858 4752 978 4828 haberi
1014 4780 1086 4827 non
1114 4753 1272 4852 optestir
1307 4751 1448 4847 stngulis
1481 4755 1596 4829 cledis

33 4836 337 4946 autlienticum,
364 4875 404 4931 ut
431 4859 468 4931 in
489 4853 611 4932 forma
638 4855 882 4932 exhibeatura
907 4783 1171 4931 consecrando.
1198 4852 1307 4929 Aliud
1334 4851 1408 4930 sm
1402 4854 1445 4926 le
1471 4855 1596 4929 datum

58 4960 146 5035 est
134 4986 155 5035 a
183 4960 300 5036 Paulo
327 4961 427 5056 V..7
454 4958 545 5035 Dec
576 4968 686 5034 1610.
701 4961 830 5055 ,quod
855 4955 960 5033 refert
985 4956 1190 5034 Franciscus
1213 4955 1316 5031 Ottiz
1341 4955 1595 5033 Saleedoapud

51 5059 114 5140 ’.ιι
141 5060 376 5165 Hyacintum
393 5059 574 5180 Jorquera
599 5061 649 5137 Ο.
675 5014 740 5155 Ρ,
728 5060 970 5238 ,inquadgqt
994 5060 1229 5157 resolutione,
1256 5061 1313 5135 ubi
1341 5057 1493 5133 affirmat
1516 5055 1597 5130 Bre-

1019 5186 1041 5241 ι
1504 5184 1544 5233 ve

193 5346 200 5395 l
