3864 5686
463 315 1310 428 Anourosrcrn'.17oo.1766.
1516 298 1639 443 581'„

111 458 330 537 ficandorum
365 453 555 534 hominum
591 458 693 536 causa
733 481 869 560 reperta
905 459 1021 555 sunt,
1068 467 1129 568 qui
1167 465 1193 542 st
1230 472 1302 544 alio
1336 471 1492 569 quolibet
1527 482 1646 562 nomi.

109 589 154 640 ne
180 564 455 659 intelligantur,
493 561 582 639 nihil
618 563 768 653 interest.
795 563 963 664 Idemque
987 564 1070 661 Jure
1095 567 1258 671 Hispano
1285 586 1469 669 cauetur(
1513 584 1552 669 ),

504 858 1008 946 onnina‘sro
1068 871 1255 957 ΒΜ.

661 970 1094 1074 fflmuuabs

108 1282 236 1464 UT
263 1280 494 1378 poenitentes,
520 1273 687 1371 confetfi,
714 1280 750 1356 ἃ
776 1273 873 1356 sacra
900 1282 1155 1359 communione
1187 1283 1328 1382 resedi,
1356 1291 1415 1388 qui
1454 1242 1641 1374 ecclefiml

225 1387 357 1460 didam
384 1385 420 1457 in
444 1383 500 1459 die
537 1380 905 1458 commemorationis
943 1386 1107 1459 omnium
1132 1384 1379 1467 defunetorum
1406 1391 1449 1467 ab
1474 1421 1556 1473 ortu
1581 1397 1640 1476 us.

104 1514 171 1587 que
198 1489 243 1564 ad
268 1482 443 1562 occasum·
470 1479 553 1559 solis
585 1482 657 1558 diei
694 1479 895 1573 hujusmodi
931 1483 1071 1583 singulis
1108 1491 1209 1563 annis
1247 1489 1495 1588 vibraverint,
1530 1505 1566 1576 dt
1592 1502 1641 1577 ibi

103 1591 316 1680 oraverint,
352 1586 549 1686 plenariam
586 1581 864 1683 consequantur.
893 1609 929 1661 :2
968 1586 1115 1684 Insuper
1150 1591 1279 1666 eisdem
1307 1598 1505 1692 praedictam
1531 1603 1642 1679 eccle-

104 1689 194 1783 fiam
229 1688 449 1777 visstantibus
488 1688 525 1761 in
559 1687 682 1763 diebus
708 1685 840 1784 septem
876 1687 1085 1766 immediate
1122 1689 1370 1791 sequentibus,
1407 1697 1541 1899 segem
1576 1728 1640 1783 m.

102 1795 139 1869 ni
166 1793 378 1871 &totidem
414 1791 644 1888 quadragenae
680 1790 882 1865 relaxantur
907 1791 951 1864 dc
978 1792 1138 1881 injunuis
1165 1798 1405 1894 punitentiis.
1474 1810 1639 1881 uas-0121.

101 1919 163 1971 nes
201 1892 384 1970 animabus
420 1891 616 1991 purgatorii
650 1891 827 1991 applicare
861 1890 1022 1990 poffint.
1061 1894 1121 1972 Ad
1158 1900 1358 1998 quindecim
1394 1928 1543 1981 annos.
1581 1904 1638 1991 Ex
1761 1950 1774 1981 t
1815 1929 1819 1940 ·

104 1997 332 2076 authentico.

465 2197 1346 2301 annonaraouas,¹

200 2401 283 2502 Jam
308 2401 354 2480 ab
379 2424 476 2479 anno
506 2406 614 2492 1679.
644 2422 704 2475 20.
731 2397 826 2497 Sept.
854 2398 1086 2479 Innocentius
1111 2403 1176 2482 XI.
1202 2403 1324 2483 Const.
1350 2411 1520 2489 Romanus
1553 2422 1636 2504 Pana

98 2505 207 2601 tifex,
234 2506 397 2581 omnibus
432 2500 723 2578 christifidelibus
756 2502 795 2576 in
821 2500 929 2599 Regis
953 2501 1136 2580 Catholici
1171 2508 1339 2585 dominiis
1374 2512 1596 2593 existentibus
1622 2572 1635 2604 ‚

98 2609 370 2708 poenitentibus,
398 2602 582 2696 consessas,
609 2607 645 2680 dt
668 2601 766 2680 sacra
793 2608 1046 2681 communione
1083 2605 1241 2702 resedit,
1266 2613 1325 2709 qui
1361 2615 1544 2692 ecclestam
1572 2645 1633 2717 pa.

98 2711 295 2789 rochialem
320 2706 502 2806 respeetive
527 2730 603 2782 non
631 2725 772 2781 tantum
798 2705 842 2779 ab
869 2726 950 2782 ortu
976 2704 1078 2799 solis,
1103 2711 1199 2806 quod
1228 2714 1262 2784 in
1289 2713 1446 2810 praesenti
1484 2716 1546 2812 fit,
1573 2719 1633 2796 sed

99 2816 268 2911 deprimis
295 2812 452 2910 vesperis
478 2807 584 2908 usque
610 2811 654 2883 ad
691 2803 857 2883 occasum
883 2807 966 2882 solis
1003 2811 1170 2908 praedietae
1195 2813 1263 2887 diei
1289 2821 1479 2912 quotannis
1517 2818 1634 2901 visita·

70 2933 198 3009 rent,
226 2914 406 2992 &solitas
431 2935 549 3010 preces
573 2905 825 3004 effitnderent,
853 2909 1046 3008 plenariam
1073 2912 1329 3013 indulgentiam
1354 2919 1391 2993 in
1427 2944 1634 3021 perpetuum

96 3014 335 3108 conmiserat,
363 3013 557 3113 purgatorii
585 3013 769 3088 animabus
797 3013 1063 3109 applicabilem.
1090 3013 1212 3115 thue
1237 3041 1361 3092 omnes
1386 3019 1493 3096 missae
1519 3027 1633 3122 peria.

98 3124 145 3196 de
171 3117 355 3194 animabus
380 3112 678 3215 suffragarentur,
705 3138 747 3188 ac
773 3111 800 3186 fi
825 3113 1026 3190 dicerentur
1062 3115 1108 3189 ad
1135 3119 1246 3191 altare
1272 3120 1456 3219 privilegio
1492 3127 1633 3222 aposto.

95 3225 169 3297 lico
193 3223 423 3296 decoratum:
450 3217 545 3315 quod
570 3217 739 3293 ultimum
774 3217 939 3311 generale
974 3215 1153 3292 indultum
1179 3212 1310 3294 fanum
1334 3220 1384 3297 est
1419 3224 1582 3323 deinceps
1607 3229 1640 3305 d.

95 3323 285 3400 Clemente
310 3319 418 3398 XIll.
449 3341 462 3392 ι
470 3345 507 3412 9.
533 3315 649 3393 Mart.
680 3324 788 3412 1761.
828 3313 934 3394 Unde
959 3316 1103 3416 praesens
1140 3320 1385 3418 quindennalis
1420 3325 1632 3426 conceffio,

93 3426 153 3504 seu
179 3423 296 3522 potius
322 3420 510 3519 postulatio
536 3420 652 3518 potuit
677 3419 795 3519 quoad
822 3418 975 3517 primam
1001 3442 1138 3519 partem
1162 3424 1309 3518 omitti,
1336 3422 1402 3500 nifi
1429 3451 1489 3524 per
1525 3430 1632 3508 illam

90 3527 184 3619 hat,
211 3546 251 3602 ut
277 3525 409 3622 duplex
435 3522 654 3618 indulgentia
676 3520 833 3619 plenaria
861 3522 1047 3596 animabus
1064 3521 1311 3603 desundlorum
1337 3522 1529 3624 profuturae
1554 3530 1631 3630 pos·

93 3629 138 3708 stt
165 3628 292 3703 eadem
317 3627 376 3702 die
402 3621 586 3700 lucrifieri.
612 3623 710 3698 Nam
734 3623 779 3696 de
805 3643 933 3697 caetero
958 3621 1112 3699 visitatio
1137 3625 1289 3702 eccleliae
1314 3633 1531 3728 regularium
1557 3659 1627 3733 prae

93 3729 289 3834 parochiali
315 3753 391 3803 non
414 3725 464 3802 est
488 3749 531 3800 ea
567 3726 738 3825 petitione
772 3723 916 3822 digna,
951 3750 1034 3803 cum
1057 3728 1183 3805 deceat
1209 3732 1323 3833 magis
1360 3753 1401 3810 ut
1424 3730 1546 3812 fideles
1581 3737 1640 3814 ad.

94 3832 335 3936 parochialem
361 3830 494 3910 cacteris
517 3827 656 3931 paribus
681 3825 907 3904 alliciantur.

485 4131 991 4232 ORDINATIO
1040 4128 1262 4219 DLxm

627 4239 739 4316 Anno
768 4259 877 4341 1745.
915 4256 976 4338 13.
1001 4237 1095 4340 Aug.
1294 4243 1297 4247 ’

83 4558 88 4565 ’
185 4545 388 4625 Isttantibus
423 4546 587 4625 eamdem
624 4542 808 4623 ecclesiam
841 4541 930 4622 seria
964 4543 1115 4621 secunda
1141 4544 1321 4634 cuiuslibet
1346 4547 1472 4625 mensu
1505 4557 1541 4630 dt
1579 4546 1627 4634 ihi

80 4656 83 4661 ’
210 4649 391 4728 orantibus
415 4676 485 4748 qua
510 4651 567 4724 die
595 4649 630 4723 id
655 4651 812 4748 egerint,
839 4667 984 4722 centum
1009 4650 1054 4722 de
1079 4645 1204 4722 debitis
1226 4650 1442 4746 poenitentiis
1469 4659 1627 4732 relaxan-

94 4775 151 4832 tur
176 4755 272 4831 dies.
299 4752 586 4865 hala-quindecim
611 4761 809 4851 annos-3
842 4748 1093 4845 ‚Tantumdem
1115 4772 1236 4847 preces
1270 4753 1314 4827 de
1352 4749 1512 4832 Palhnne
1527 4822 1535 4877 ·.
1547 4758 1628 4836 Do-

1487 4885 1576 4935 mant

128 5095 184 5167 (ε)
209 5097 271 5168 lea
301 5116 328 5179 a·
349 5095 398 5158 rit·
419 5115 467 5166 ss·
486 5095 594 5160 Panic
616 5112 644 5163 a·
