3864 5686
191 316 326 434 πῂ,
666 330 1244 427 orornartouas
1681 388 1684 395 -

1737 452 1753 511 ι

196 473 303 658 gosis
336 473 491 569 ejusdem
525 472 713 578 provinciae
747 469 869 572 praesul
900 469 1143 570 Montenegro
1177 478 1289 581 (ali,
1326 496 1439 573 neque
1475 477 1587 552 alius'
1611 484 1732 586 quen?

232 603 501 758 lamBeuedilius
523 677 669 766 xlv.<
705 658 860 764 )nihilo
892 676 1007 775 magis
1032 677 1142 754 talem
1178 677 1408 776 apostolicam
1440 679 1733 764 dammim,

195 779 324 860 novisse
351 783 510 875 videtur,
527 782 620 858 dum
644 780 720 856 ait:
758 786 797 856 In
819 779 940 866 tuoto
974 775 1131 855 Limana
1154 781 1335 857 decretum
1367 781 1439 873 est,
1476 788 1520 857 ιιι
1551 781 1630 856 lndi
1658 779 1723 855 Pe-

197 885 299 958 ruani
324 886 384 989 qui
409 886 682 961 matrimoninn
708 903 914 957 contraxere
932 905 1033 956 cum
1059 907 1210 957 noverca
1246 886 1303 957 vel
1327 910 1443 976 nuru,
1479 909 1554 960 non
1592 882 1734 958 admit-r

195 1006 316 1061 tantur
343 988 386 1063 ad
412 985 649 1083 baptismum,
675 982 740 1059 nist
766 985 858 1080 prius
883 982 1088 1081 coniugium
1114 982 1298 1082 praefatum
1335 988 1442 1062 veluti
1475 987 1552 1077 jure
1584 1006 1727 1058 naturae

193 1088 333 1164 irritum
358 1087 523 1180 solvant,
548 1089 602 1164 uti
631 1084 735 1161 refert
763 1084 893 1161 Aeolia
920 1083 980 1158 De
1005 1083 1148 1161 Pcocur.
1176 1086 1296 1162 ludor.
1321 1087 1434 1162 salute
1470 1089 1529 1162 lib.
1559 1098 1616 1162 16.
1640 1111 1683 1161 ca
1710 1138 1721 1159 .
1756 1092 1769 1119 ³

79 1232 80 1236 ι
199 1215 260 1266 21.
286 1189 448 1286 synodus
471 1190 545 1265 haec
569 1209 707 1264 eertum
732 1188 857 1284 ponit,
885 1184 1119 1278 affinitatem,
1157 1213 1233 1286 quae
1258 1214 1303 1264 eu
1328 1190 1562 1265 matrimonio
1600 1213 1643 1278 ca
1688 1207 1729 1263 a·

197 1319 278 1386 tur,
301 1295 374 1381 jure
408 1294 564 1369 naturali
590 1291 754 1366 dirimere
791 1289 1064 1365 matrimonium
1099 1292 1136 1363 in
1162 1293 1279 1390 primo
1313 1282 1423 1388 gradu
1447 1293 1550 1366 lineae
1583 1290 1725 1377 redae.

198 1395 241 1478 ld
267 1415 393 1471 autem
418 1415 553 1469 certum
579 1418 653 1469 non
679 1391 758 1487 est,
795 1415 877 1466 cum
913 1389 1142 1488 probatiffimi
1180 1394 1345 1467 authores
1369 1392 1523 1468 doceant
1546 1447 1557 1484 ‚
1582 1392 1728 1469 nullam

199 1495 411 1585 affinitatem
432 1551 445 1586 ,
479 1522 524 1572 ne
561 1518 643 1570 eam
679 1495 822 1597 quidem
845 1515 921 1590 quae
945 1491 995 1566 est
1018 1497 1058 1567 in
1082 1494 1199 1595 primo
1223 1495 1335 1590 gradu
1368 1495 1470 1569 lineae
1494 1497 1614 1587 reda,
1640 1493 1728 1568 dut

195 1622 294 1675 mere
317 1599 591 1679 matrimonium
618 1597 693 1687 jure
719 1617 872 1685 nature,
896 1592 957 1668 sed
982 1594 1057 1685 jure
1082 1593 1312 1670 ecclesiastico
1339 1617 1500 1671 tantum:
1526 1601 1562 1673 dt
1598 1592 1739 1671 conse-¹

195 1720 341 1798 qttenter
365 1698 464 1794 super
488 1723 533 1774 eo
560 1699 813 1794 impedimento
840 1694 1046 1798 graviffimis
1072 1696 1274 1797 urgentibus
1299 1696 1431 1790 causo,
1457 1696 1550 1799 polle
1576 1696 1729 1774 dSum·

196 1828 261 1882 mo
285 1798 461 1897 Pontifice
487 1798 666 1899 dispenfirri
676 1853 687 1873 .
1023 1888 1029 1897 ι
1554 1893 1558 1899 .

294 1900 370 1984 Ubi
397 1922 483 1979 nota
529 1927 587 1996 10,
610 1900 754 2001 quodie
788 1897 907 1976 Paulo
930 1897 998 1974 lv.
1031 1901 1253 1975 declaratum
1277 1898 1346 1977 ell‘e
1385 1899 1530 1975 testatur
1556 1898 1735 1993 Acosta,

198 2028 318 2103 carere
343 2003 615 2092 fundamento‚·
639 2027 753 2100 neque
777 2002 874 2077 enim
899 1997 1065 2078 Pontifex
1090 2002 1295 2080 Benedictus
1320 2001 1465 2079 haberet
1491 2028 1557 2100 pro
1594 2003 1740 2078 incerto

196 2105 340 2205 quodi
363 2105 457 2180 Sede
478 2103 684 2202 Apostolica
709 2101 792 2191 esset
817 2104 1037 2179 declaratum
1063 2107 1100 2179 in
1127 2105 1277 2180 materia
1302 2105 1654 2197 jurisnaturalisaz.
1670 2101 1737 2178 In·

200 2207 497 2286 certitudinem-a
522 2206 711 2284 Benedidlo
738 2205 947 2280 attributam
971 2205 1108 2281 limano
1133 2208 1277 2282 decreto
1315 2207 1458 2283 afficere
1481 2210 1589 2280 etiam
1629 2203 1732 2280 indie

201 2306 482 2408 pensabilitatem
507 2308 779 2406 conjugii-inter
803 2304 954 2398 fratres²
977 2328 1154 2405 quantum
1176 2307 1225 2384 est
1251 2333 1294 2382 ex
1319 2311 1457 2383 limana
1482 2305 1736 2399 definitione,

197 2437 285 2491 uam
309 2410 384 2487 hac
408 2409 593 2503 definitio,
618 2432 694 2510 quae
719 2412 898 2484 incertum
934 2433 1062 2513 ponere
1084 2411 1217 2485 dicitur
1237 2411 1411 2503 „eadem
1433 2408 1482 2483 ell
1507 2434 1575 2510 qua
1610 2407 1737 2500 conju·

196 2515 297 2616 gium
322 2514 415 2586 inter
440 2511 567 2590 fratres
590 2513 719 2587 dicitur
746 2508 812 2587 elle
838 2533 964 2586 contra
991 2515 1153 2585 naturale
1178 2514 1254 2603 jus.
1620 2566 1623 2571 -
1696 2578 1704 2593 ,

301 2613 542 2706 InConcilio
563 2612 757 2690 Mexicano
784 2614 869 2688 anni
903 2611 1010 2709 1585.
1036 2615 1074 2686 iu
1097 2611 1363 2709 quotimense
1390 2609 1444 2684 11.
1476 2614 1598 2710 magni
1622 2610 1730 2687 habi·

195 2737 274 2793 tum
299 2715 372 2807 est,
397 2735 438 2792 ut
461 2735 561 2809 patet
587 2739 632 2789 ex
656 2715 794 2789 iteratis
816 2713 889 2801 eius
914 2715 1207 2810 allegationibus,
1243 2716 1337 2789 idem
1361 2710 1437 2789 fere.
1470 2713 1657 2791 decretum
1680 2710 1736 2791 est

196 2824 292 2908 (c),
339 2818 400 2893 tu’n
425 2817 473 2890 de
494 2814 680 2912 pontificia
712 2816 952 2890 declaratione
991 2817 1064 2889 ulla
1089 2813 1153 2891 fut
1179 2810 1351 2907 mentio,
1383 2840 1493 2913 quam
1516 2813 1615 2891 certe·
1649 2839 1732 2907 non

195 2916 296 2992 omis
348 2940 388 3010 t,
424 2942 517 3006 cum
543 2917 588 2995 ibi
616 2917 743 2992 citetur
778 2941 847 3014 cap.
866 2919 930 3006 fin.
957 2916 998 2991 dc>
1018 2919 1194 2992 Diuortiir
1231 2919 1350 2991 minus
1374 2918 1522 2992 adrem
1552 2914 1688 2990 faciens
1716 2966 1732 2991 .

143 3051 154 3061 ·
194 3018 310 3099 Verba
335 3019 491 3096 Concilii
519 3017 701 3096 Mexicani
723 3016 827 3093 sunt:
848 3018 992 3112 Nefaria
1020 3021 1109 3094 inter
1146 3016 1332 3095 fratres&
1371 3016 1511 3092 sorores.
1541 3018 1732 3093 matrimo-

194 3125 254 3199 nia
280 3123 383 3198 omni
403 3122 477 3212 iure
502 3119 759 3219 prohibentur.
787 3117 909 3222 Qare
945 3123 1172 3217 praecipitur,
1207 3143 1246 3195 ut
1273 3117 1427 3194 infideles
1452 3120 1557 3206 hujus
1586 3120 1737 3218 provin-

193 3226 280 3318 ciae,
305 3226 368 3323 qui
392 3243 551 3322 tempore
577 3220 794 3299 infidelitatis
819 3226 857 3296 in
881 3222 954 3296 hoc
979 3228 1091 3318 gradu
1113 3246 1213 3298 erant
1241 3223 1415 3310 conjunlli
1455 3223 1731 3314 matrimonio,

195 3325 459 3424 cumprimum
483 3324 696 3420 baptismum
722 3326 938 3420 receperint,
963 3322 1188 3420 separentur,
1214 3323 1553 3421 matrimoniumque
1572 3323 1735 3409 eiusmo-

194 3429 233 3501 di
257 3430 399 3506 nullum
421 3432 460 3503 dc
484 3427 624 3503 irritum
648 3427 859 3503 decerna-tur.
886 3422 996 3521 Qtod
1021 3427 1235 3517 decretum,
1270 3448 1442 3522 quatenus
1482 3427 1738 3522 praeceptivum

194 3526 267 3621 eil,
304 3552 382 3603 non
413 3527 550 3621 obligat
575 3547 674 3601 extra
710 3525 928 3621 provinciam
950 3526 1054 3619 juxta,
1086 3529 1236 3604 dicenda
1263 3524 1369 3605 infra·
1391 3551 1489 3605 anno
1530 3525 1638 3629 1589·
1668 3546 1744 3625 27«-

196 3629 387 3720 Octobris,
410 3625 507 3700 Orda
535 3626 619 3724 158.
647 3632 683 3702 dc
712 3650 797 3750 159.
1618 3630 1623 3640 '
1699 3690 1705 3703 .

298 3730 413 3806 Dices
434 3730 595 3804 iterum:
613 3730 751 3805 Saltem
776 3729 910 3823 obligat
939 3731 977 3803 iu
1000 3733 1142 3828 reliquis
1169 3733 1345 3808 Americae
1371 3726 1562 3831 provinciis
1591 3729 1756 3808 Conci·'

193 3832 286 3909 lium
308 3829 473 3911 Limense
501 3829 581 3922 11„
604 3832 705 3923 citius
727 3829 807 3907 sunt
832 3829 958 3906 similia
986 3834 1125 3909 decreta
1150 3888 1163 3906 .
1204 3833 1440 3932 Respondeo,
1471 3833 1626 3931 obligare
1651 3832 1740 3929 qui-‘-

198 3937 280 4010 dem
315 3934 413 4026 iuxta
450 3934 632 4011 decretum
670 3933 829 4012 Concilii
863 3932 1035 4011 Limcnlis
1072 3936 1188 4011 Tertii
1221 3938 1372 4012 dicentis
1405 3936 1506 4025 (d):
1529 3939 1625 4049 Qua.
1645 3933 1741 4008 ver'o

125 4062 131 4075 ·
193 4037 493 4135 pecConcilium
525 4033 749 4112 provinciale
785 4047 838 4127 (ιι
852 4043 871 4126 )·
894 4038 1084 4113 constituta
1118 4035 1225 4130 sunt,
1250 4063 1331 4111 cum
1365 4038 1465 4112 omni
1499 4037 1735 4112 veneratione

193 4137 452 4237 suscipiantur,
473 4139 674 4214 dummodo
699 4137 909 4216 Concilium
935 4140 1046 4237 ipsum
1072 4143 1287 4216 canonicum
1312 4138 1378 4231 stt,
1406 4144 1444 4218 ὃ(
1467 4139 1642 4214 canonica
1663 4135 1737 4214 sta·

195 4260 278 4316 tuta
301 4244 488 4317 contineat
503 4292 518 4330 „
555 4259 788 4336 praeterquam
811 4239 837 4313 st
861 4242 946 4340 quid
983 4267 1101 4319 rerum
1128 4266 1172 4316 ac
1198 4244 1365 4338 temporis
1390 4241 1530 4315 ratione
1564 4239 1738 4338 exigente

197 4339 337 4417 abbae
359 4339 496 4438 synodo
522 4341 624 4417 aliter
648 4340 855 4441 dispofitum
880 4361 1119 4444 reuocatumve
1134 4347 1216 4431 ſst.
1254 4340 1478 4439 Disposrtum
1504 4345 1588 4418 verb
1625 4342 1738 4417 aliter
1768 4398 1771 4403 -

114 4507 118 4512 .
151 4464 156 4477 ‘
194 4442 264 4524 suit
289 4447 326 4520 dt
350 4441 611 4520 confirmatum
634 4447 730 4543 quod
756 4447 791 4518 in
818 4447 931 4541 prima
958 4469 1056 4544 parte
1084 4471 1160 4542 cap.
1188 4447 1249 4521 cit.
1279 4443 1344 4540 38.
1367 4443 1540 4536 habetur,
1566 4451 1602 4522 dc
1629 4443 1735 4542 quod

191 4541 339 4619 effertur
361 4569 425 4642 per*
458 4544 609 4620 modum
643 4545 777 4621 consilii
805 4545 876 4620 line
913 4544 1067 4623 formula
1096 4548 1340 4644 preceptiva.
1376 4546 1477 4620 Dum
1504 4569 1626 4621 tamen
1655 4544 1737 4645 sup-

196 4647 361 4747 primitur
383 4647 480 4750 quod
504 4647 543 4722 in
569 4672 604 4727 2.
627 4673 668 4746 p·
692 4674 769 4750 cap.
794 4649 944 4728 habetur
968 4652 1014 4730 de
1036 4650 1282 4749 reprobatione
1308 4648 1391 4736 juris
1410 4651 1603 4741 naturalis,
1633 4651 1740 4823 εἶσὶ...

217 4792 220 4797 ·
1642 4770 1658 4823 ι

1346 4883 1745 4908 m

177 5018 183 5028 ·
230 4989 286 5058 (a)
306 4989 505 5048 Montemlib.
530 5005 612 5056 μιν.
635 4987 745 5058 nse&-
769 5009 814 5043 ιι.
854 4987 911 5060 (b)
932 4993 963 5048 B.
983 4994 1055 5049 XIV.
1077 4990 1177 5056 niba.
1197 4995 1241 5051 De
1261 4978 1418 5061 iynadou.
1440 5008 1502 5056 cap.
1524 5007 1570 5058 39·
1588 4988 1739 5063 pagenti-

189 5063 306 5132 bi419.
346 5065 775 5134 (c)C.Mexic.>lr⁴b.'4·tit.
799 5069 870 5128 ui.
894 5089 920 5134 ς·
963 5069 1027 5140 (d)
1051 5073 1083 5129 C.-
1102 5070 1175 5129 Lim.
1196 5070 1265 5131 orei.
1288 5090 1316 5126 ι.
1334 5087 1395 5139 cap·
1422 5088 1452 5129 ιι
