3864 5686
526 335 1032 415 Aeosuorrcn.
1090 354 1196 433 1500.
1253 343 1362 436 1563·
1584 357 1668 437 ιη.

193 474 361 556 sententia
384 472 485 552 Pauli
511 474 575 550 lv.
602 475 785 555 Pontificis
809 476 932 554 omnia
960 477 1074 552 isthaec
1100 479 1331 554 matrimonia
1356 482 1466 566 (cum
1492 475 1628 570 sorore,
1646 484 1716 554 'uo-·
1774 548 1777 556 .

194 605 312 666 verca,
343 601 482 670 matre,
518 578 590 654 filia
604 626 619 669 ,—-
640 603 764 678 nepte,
793 601 852 654 aut
891 581 1003 666 avia)
1040 577 1234 655 infidelium
1261 579 1545 656 cumchrisliani
1582 579 1710 673 liunt,

195 683 291 757 irrita
316 679 394 758 fieri
420 683 582 756 decretum
607 680 668 768 eli:
696 679 763 758 Ubi
791 702 878 755 nota
897 705 965 773 .1.,
994 680 1145 756 Paulum
1172 682 1234 755 lV.
1262 705 1337 756 non
1363 683 1431 756 dici
1453 680 1643 758 declarasse
1669 686 1713 758 ir·

195 784 280 875 rita,
308 781 368 860 sed
396 784 494 858 irrita
520 783 594 857 fieri
619 781 825 874 decrevisse,
852 805 913 858 aut
938 807 981 856 cx
1006 784 1079 872 ejus
1103 779 1277 857 sententia
1296 784 1478 859 decretum
1502 781 1589 859 elle:
1616 784 1711 881 quod

193 887 303 984 potius
328 884 511 983 supponit,
539 908 623 959 ante
647 887 828 960 decretum
852 883 951 958 fuisse
979 906 1076 958 rata.
1103 885 1242 960 Saltem
1267 886 1332 960 dat
1354 886 1499 976 locum,
1525 908 1564 960 ut
1592 888 1710 984 alique

194 1010 270 1062 anre
295 990 475 1061 decretum
501 991 536 1063 ὅ(
559 987 770 1061 sententiam
795 1007 875 1060 rata
901 983 999 1060 fuisse
1023 989 1209 1081 dicantur,
1249 989 1302 1062 vel
1329 1011 1376 1062 an
1411 983 1542 1062 suerint
1577 1010 1621 1060 ex
1647 988 1708 1062 ali·

192 1114 259 1188 quo
286 1091 515 1162 antecedente
540 1089 613 1176 jure
638 1089 877 1163 examinetur.

293 1214 327 1265 2.
357 1188 525 1264 Aeoliam
552 1191 661 1265 citare
699 1192 744 1263 ad
779 1190 978 1286 marginem
1012 1187 1133 1263 const.
1162 1188 1224 1287 38.
1263 1187 1417 1265 Concilii
1444 1187 1708 1265 ProuincialiS.

192 1290 292 1369 Unde
319 1290 549 1382 Concilium,
576 1293 619 1365 de
644 1317 715 1388 quo
742 1293 918 1387 loquitur,
946 1293 1067 1387 nequit
1096 1290 1162 1364 effe
1188 1292 1353 1366 Tertium
1378 1289 1594 1383 Limonum,
1614 1292 1710 1391 quod

195 1393 237 1470 est
264 1387 426 1469 Primum
462 1394 579 1467 saneti
606 1393 768 1468 Thuribir
796 1399 818 1467 a
851 1393 941 1467 Sede
967 1391 1169 1489 Apostolica
1205 1394 1460 1490 approbatum,
1487 1394 1543 1466 cui
1579 1391 1711 1468 Acesta

191 1497 256 1593 ipse
292 1494 473 1570 consultor
509 1492 691 1586 interfuit,
728 1494 823 1591 quod
857 1493 925 1591 ipse
952 1493 1086 1590 digeffir
1113 1499 1159 1570 1&
1194 1495 1371 1568 latinitate
1407 1496 1576 1586 donavit,
1610 1495 1707 1591 quod

190 1597 345 1673 Romam
373 1597 526 1694 portavit
564 1597 860 1694 approbandum,
898 1599 1058 1693 quodque
1084 1597 1192 1670 redux
1219 1596 1256 1669 in
1293 1593 1503 1691 Hispaniam
1536 1598 1710 1693 originale

193 1700 328 1796 reliquit
365 1699 400 1770 in
434 1696 600 1792 Collegio
627 1698 752 1793 Regali
788 1696 1031 1772 Salmaticeusr
1056 1698 1138 1772 Soc.
1163 1695 1264 1792 Jesu.
1300 1695 1382 1770 Hoc
1411 1699 1555 1793 inquam
1588 1698 1710 1795 nequit

191 1798 249 1875 else
275 1799 508 1890 Concilium,
544 1802 685 1894 dequo
720 1800 876 1896 loquitur
903 1797 1052 1872 Acesta:
1079 1799 1302 1894 distinguitur
1335 1800 1432 1872 enim
1471 1799 1507 1871 in
1542 1800 1709 1873 Adriones

189 1902 389 1999 decapite,
415 1923 490 1974 non
517 1901 552 1972 in
579 1898 883 1990 Conllitutiones,
911 1925 1060 1998 quarum
1088 1899 1148 1994 38.
1177 1902 1307 1973 citatur
1333 1899 1376 1972 ab
1403 1898 1554 1973 Acosta.
1580 1896 1709 1973 Praeter

189 2028 292 2099 quam
317 2002 412 2100 quod
438 2026 525 2098 opus
551 2007 603 2074 De
628 2002 836 2075 Procuranda
863 2003 1015 2076 indorum
1045 2000 1180 2094 salute,
1216 2001 1272 2075 ubi
1298 2000 1373 2074 hac
1397 1999 1594 2093 habentur,
1628 1998 1710 2075 scri·

189 2103 245 2202 pst
273 2122 357 2180 ante
384 2103 488 2191 hujus
513 2101 670 2177 Concilii
696 2104 991 2179 celebrationem.
1017 2104 1096 2178 Nec
1120 2106 1266 2178 videtur⁴
1282 2100 1488 2178 Concilium
1522 2098 1621 2176 fuisse
1645 2102 1709 2176 Se·

190 2207 364 2295 cundum,
391 2205 488 2302 quod
517 2206 553 2277 in
579 2203 739 2278 sessiones
764 2211 799 2281 d(
826 2206 943 2302 capita
970 2205 1161 2296 dividitur,
1198 2203 1243 2278 src
1269 2204 1365 2278 enim
1402 2206 1532 2280 citatur
1557 2205 1596 2279 in
1619 2204 1708 2279 Ter·

190 2310 257 2383 tio.
284 2306 366 2382 Fuit
392 2330 478 2402 ergo
504 2304 687 2379 Primum.
716 2309 764 2381 At
790 2307 881 2397 boc,
907 2308 1064 2404 quamvis
1088 2305 1262 2382 Conciliis
1284 2304 1559 2380 provincialibus
1594 2303 1708 2379 Limae

193 2408 300 2505 primo
327 2410 410 2482 loco
441 2427 714 2498 annumeretur,
742 2429 838 2482 caret
864 2406 1106 2499 authoritate,
1132 2409 1405 2483 urdeclaratum
1429 2405 1479 2481 est
1501 2408 1537 2480 in
1559 2407 1706 2497 Tertio,

190 2509 393 2585 ubidicitur
419 2514 466 2596 (a
486 2513 529 2596 ):
554 2512 770 2617 Quaecumque
796 2511 833 2582 in
859 2506 979 2584 Prima
1005 2507 1160 2583 Limensr
1184 2508 1470 2606 Congregatione
1497 2509 1579 2582 anni
1613 2530 1705 2606 1552

195 2612 262 2686 asta
288 2614 499 2708 decretaque
516 2608 628 2700 sunt,
663 2610 743 2708 quia
769 2611 807 2684 in
841 2610 896 2684 his
922 2611 1140 2709 &legitima
1180 2610 1377 2686 authoritas
1410 2607 1645 2699 desrderatur,
1671 2615 1707 2689 ὅ(

191 2715 345 2812 pleraque
373 2714 500 2787 melius
525 2710 642 2809 polica
669 2711 962 2809 dispositastmr,
989 2713 1124 2789 nullam
1148 2714 1194 2787 de
1220 2734 1346 2786 caetero
1365 2709 1435 2786 five
1461 2713 1498 2785 in
1525 2732 1601 2789 tota
1628 2736 1707 2807 pro·

192 2816 326 2905 vincia,
355 2812 421 2888 sue
448 2817 484 2888 in
510 2814 578 2888 hac
604 2811 746 2888 dioecefi
770 2813 948 2911 obligandi
976 2817 1048 2888 vim
1073 2815 1234 2888 babeant.
1261 2811 1491 2890 Celebratum
1525 2810 1574 2889 ell
1601 2811 1708 2907 porro

193 2919 405 3013 quale-quale
438 2914 644 2990 Concilium
678 2915 747 2988 hoc
784 2916 892 2991 tribus
928 2937 1012 2991 ante
1048 2919 1148 2990 annis
1183 2941 1290 3015 quam
1318 2913 1445 2991 Paulus
1471 2913 1536 2988 IV.
1572 2910 1707 2992 sederet

192 3012 371 3106 Pontifex3
398 3039 462 3088 nec
491 3017 605 3110 potuit
630 3016 821 3111 quidquam
846 3041 889 3091 ex
915 3019 1007 3091 illius
1033 3019 1138 3092 ineo
1164 3016 1334 3091 sententid
1361 3014 1518 3091 definiri.
1551 3026 1554 3033 '

165 3142 196 3159 ··
298 3136 332 3212 3.
360 3115 402 3193 ln
427 3115 593 3191 Concilio
619 3113 773 3188 Limensr
799 3115 849 3188 11.
876 3143 951 3214 cap.
981 3115 1041 3213 38.
1067 3124 1082 3207 (
1108 3144 1172 3213 pro
1196 3113 1414 3214 quo'omiffa
1442 3114 1584 3191 sessione
1619 3114 1708 3213 post·

192 3234 221 3291 ta
251 3218 303 3291 est
328 3215 420 3291 forte
445 3214 568 3290 Conll.
597 3213 683 3310 38,
720 3218 835 3311 capite
871 3221 907 3292 in
942 3216 1242 3292 Constitutionem
1277 3220 1343 3290 levi
1377 3241 1494 3290 errore
1527 3223 1707 3307 mutato)

193 3312 271 3393 nihil
299 3318 449 3393 habetur
474 3317 519 3391 de
544 3316 718 3392 sententia
744 3316 843 3393 Pauli
871 3318 960 3410 IV.,
986 3317 1046 3392 sed
1082 3321 1234 3394 dicitur:
1269 3322 1341 3428 Qus
1366 3322 1476 3414 elque
1511 3316 1629 3393 stendo
1656 3319 1707 3392 in·

197 3416 246 3493 lici
271 3419 385 3495 estaba
414 3416 544 3508 casado
571 3416 704 3493 consu
730 3422 869 3517 propria
896 3419 1111 3514 madraslra,
1137 3421 1162 3495 ὸ
1188 3447 1257 3496 con
1281 3423 1485 3511 hermana,
1512 3417 1535 3492 ὸ
1561 3443 1631 3493 con
1658 3421 1708 3492 al·

196 3542 274 3615 gum
303 3547 347 3595 en
373 3522 468 3595 linea
493 3521 583 3595 reela
610 3518 656 3593 de
682 3520 905 3617 parentesco,
941 3524 1094 3621 primero
1128 3521 1184 3598 sea
1223 3525 1394 3621 apartado
1431 3546 1499 3619 que
1532 3520 1708 3596 recibael

200 3618 385 3714 bautismo,
412 3647 495 3722 pnes
520 3646 586 3719 por
611 3622 656 3695 lei
682 3625 822 3696 natural
847 3622 942 3697 estan
968 3626 1179 3720 reprobados
1205 3629 1293 3700 tales
1316 3623 1551 3720 eafiemientor.

286 3725 425 3815 Dices,
451 3724 525 3797 haec
550 3719 616 3797 esse
642 3724 743 3797 verba
770 3748 843 3798 non
879 3725 1033 3799 Concilii
1056 3782 1066 3818 ,
1093 3726 1151 3800 sed
1177 3727 1392 3816 Summarii,
1425 3727 1463 3800 in
1486 3750 1563 3822 quo·
1591 3725 1708 3821 potuit

201 3828 304 3902 omitti
333 3825 433 3901 Pauli
461 3824 525 3898 IV.
555 3821 676 3898 asserta
702 3825 929 3902 declaratio,
961 3825 1173 3925 Respondeo
1209 3831 1252 3901 de
1286 3828 1354 3900 hac
1380 3827 1620 3901 declaratione
1652 3836 1708 3900 lo-

121 3931 127 3940 '
201 3921 260 4000 lum
285 3927 470 4018 conslare,
506 3927 593 3999 mihi
620 3923 744 4000 saltem
781 3951 824 4000 cx
848 3924 984 4000 Acostae
1011 3927 1232 4018 testimonio,
1267 3927 1406 4024 dequo
1432 3926 1504 4013 iam
1537 3926 1707 4018 dilium,

199 4045 267 4101 cum
289 4029 442 4105 Secundi
469 4026 624 4102 Concilii
650 4029 829 4122 exemplar
853 4029 1029 4126 integrum
1055 4052 1166 4125 neque
1192 4029 1318 4104 Roma
1345 4024 1491 4101 leard.
1515 4027 1558 4100 de
1582 4025 1706 4122 Lugo,

199 4144 292 4226 neque
318 4135 355 4206 in
380 4132 499 4226 Regni
525 4128 675 4203 Peruani
701 4128 868 4225 regione,
894 4131 932 4204 in
957 4155 1026 4226 qua
1051 4130 1125 4202 haec
1151 4126 1408 4220 scribebantur,
1437 4130 1707 4226 lquerentibue

202 4218 307 4306 heberi
333 4233 512 4331 potuerit.
540 4231 669 4308 Sed&
695 4234 828 4322 timec,
855 4256 899 4305 ue
927 4232 970 4305 de
996 4230 1163 4307 Concilio
1187 4229 1343 4307 Limensr
1370 4230 1421 4305 11.
1450 4253 1532 4306 ante
1558 4231 1707 4307 celebra·

199 4339 232 4396 to
252 4357 354 4429 quam
381 4331 551 4409 Acostam
576 4332 708 4407 videret
734 4334 926 4424 America,
952 4330 994 4407 stt
1020 4335 1092 4422 eius
1118 4332 1358 4410 testimonium
1391 4330 1572 4408 infirmum
1593 4387 1605 4426 ,
1630 4339 1708 4409 ma·

175 4425 279 4506 “xime
305 4462 386 4509 cum
412 4436 610 4509 declaratio
635 4434 929 4531 comprehendere
940 4436 1103 4528 dicatur,
1129 4462 1203 4509 non
1229 4436 1344 4510 solum
1356 4436 1628 4510 matrimonium
1655 4436 1707 4509 itt·

200 4541 249 4599 ter
270 4532 416 4627 iratres,
452 4533 520 4610 sed·
548 4537 638 4609 inter
664 4534 818 4626 affines,
854 4556 895 4609 ut
922 4534 999 4611 sunt
1034 4561 1184 4612 noverca
1219 4544 1256 4614 bc
1281 4538 1456 4633 privignus
1481 4591 1488 4609 .
1516 4532 1708 4633 Episcopus

196 4631 322 4716 quidem
356 4635 533 4713 Chilensrs
571 4636 758 4712 Villarroel
794 4636 894 4813 sqpra
920 4638 982 4711 cit.
1021 4641 1079 4736 qui
1106 4641 1244 4712 limano
1270 4643 1343 4728 jure
1371 4637 1586 4728 tenebatur,
1622 4661 1709 4732 pon·

198 4723 329 4814 tificiam
354 4739 633 4815 declarationem
660 4738 703 4813 ab
739 4738 816 4812 Aeo
849 4765 869 4812 a
906 4762 1144 4814 memoratam
1180 4763 1253 4814 non
1290 4759 1466 4813 noverat.
1504 4736 1581 4812 Nec
1617 4733 1708 4910 {Qi-

1559 4858 1617 4911 ten
1633 4863 1660 4910 rs

198 4943 1189 4993 Q-n--mQ--wu-u-
1193 4961 1618 4985 utun—m·-
1623 4962 1693 4983 ⁶0·-

219 5056 283 5133 μ)
299 5067 329 5124 C·
348 5067 421 5128 eim.
440 5066 508 5128 «AB.
532 5087 558 5122 e·
577 5085 638 5138 cap.
662 5088 686 5123 ι.
