3856 5678
521 292 1028 372 apostoncae.
1081 276 1201 391 1659?
1249 314 1359 392 ¹70⁰·
1471 406 1475 411 ρ
1576 314 1661 400 ..435

170 442 232 534 su,
257 436 526 539 probinumqte
535 431 747 509 beneficium
772 429 872 522 iuxta
897 430 1029 507 decreti
1055 446 1218 507 tenorem
1242 432 1385 530 petroni
1403 433 1705 515 etiamconscnsu

170 528 275 625 alteri
301 535 509 629 contudisse3
535 559 582 610 ne
608 535 702 611 inter
725 534 867 609 noviter
892 531 1071 631 provisum
1096 533 1365 633 pannumque
1389 533 1576 613 Tbomtm
1601 563 1703 617 noete

170 645 408 729 excitarentur
433 642 533 733 lites,
568 637 663 713 dido
700 635 851 713 Thomae
877 637 988 712 aliam
1009 631 1197 715 ecclestam
1220 630 1258 712 S.
1283 633 1432 735 Joannis
1451 637 1501 714 de
1523 635 1702 736 'Copotta

170 774 228 850 per
252 748 393 827 obitum
418 757 631 832 vacantem,
657 756 732 814 non
748 735 884 815 servata
910 738 1041 816 iterum
1065 737 1184 814 forma
1197 736 1355 816 Consilii
1381 735 1505 839 absque
1531 740 1703 821 concursu

170 851 397 933 &examine
424 842 585 922 conserte
611 841 793 941 potuerit?
831 863 867 916 a:
896 860 931 936 5.
958 845 1019 917 An
1044 842 1157 935 dato,
1181 842 1277 943 quod
1303 866 1377 917 non
1402 841 1592 941 potuerit,
1621 844 1703 919 titu-
1744 850 1745 854 ’

170 955 222 1037 ius
247 952 378 1030 saltem
388 948 581 1024 “coloratus
604 944 788 1034 extiterit,
821 965 897 1017 non
932 943 1092 1021 obstante
1116 942 1221 1019 Bulla
1256 942 1312 1019 Pii
1337 944 1383 1018 V.
1408 943 1510 1042 supet
1544 940 1703 1023 cesena
1769 990 1774 997 ·

170 1058 267 1135 tione
290 1052 444 1152 prodisti
469 1047 630 1123 decreti?
668 1066 705 1116 π
732 1055 768 1121 ό.
796 1042 924 1138 Dato,
950 1047 1044 1148 quod
1070 1072 1146 1121 non
1169 1047 1332 1124 extiterit
1359 1049 1483 1123 titulus
1507 1049 1701 1141 coloratus,

170 1182 214 1237 tn
240 1155 476 1232 matrimonia
502 1173 624 1225 coram
651 1144 726 1243 ipso
762 1151 945 1224 contracta
981 1146 1113 1225 suerint
1139 1149 1264 1224 nulla?
1302 1171 1338 1225 ε
1366 1171 1403 1244 7.
1430 1151 1491 1224 An
1525 1149 1705 1247 prodinus

170 1258 335 1339 Thomas
369 1274 580 1330 caeterorum
614 1248 918 1325 sacramentorum
967 1248 1262 1327 administrationi
1300 1250 1415 1326 valide
1461 1251 1704 1349 incubuerit?

174 1379 216 1438 t:
244 1358 280 1436 8.
307 1356 368 1432 An
394 1353 598 1431 incumbens
624 1371 664 1426 ut
690 1350 865 1450 parochus
890 1353 1002 1428 etiam
1040 1355 1077 1427 in
1104 1353 1185 1429 casu
1218 1351 1428 1428 necessitatis
1463 1344 1660 1450 peccaverit
1687 1349 1703 1426 2

171 1481 215 1539 t:
243 1487 279 1555 9.
306 1458 367 1536 An
391 1454 522 1533 fruitus
547 1460 583 1532 dt
608 1453 838 1530 obventiones
857 1454 939 1528 diui
962 1453 1125 1529 beneficii
1145 1452 1324 1529 restituere
1346 1461 1535 1532 teneatur?
1570 1474 1611 1531 t:
1643 1477 1703 1530 ιο.

170 1565 230 1642 An
256 1557 417 1638 adversm
428 1557 620 1634 Praelatum
646 1555 783 1655 ejusque
809 1577 1056 1652 promotorem
1066 1555 1224 1632 fiscalem
1250 1557 1288 1631 in
1312 1554 1377 1633 suo
1400 1555 1574 1633 beneficio
1595 1558 1703 1632 trien·

170 1666 244 1761 nali
270 1660 458 1739 defendere
482 1661 518 1736 se
543 1656 675 1756 pulsu?
711 1679 749 1729 ε
781 1679 839 1733 ιι.
867 1658 928 1734 An
952 1660 1133 1757 praedistus
1158 1656 1322 1736 Thomas
1347 1659 1385 1733 in
1411 1659 1506 1735 dieo
1530 1657 1704 1735 beneficio

170 1769 209 1847 de
233 1764 402 1865 Copoata
429 1763 573 1840 tolerati
600 1756 702 1858 posset
728 1759 765 1832 in
790 1757 995 1856 posterum?
1034 1780 1070 1834 t:
1101 1780 1161 1837 12.
1188 1762 1249 1834 An
1272 1762 1361 1838 dato
1395 1763 1491 1861 estod
1526 1785 1603 1838 non
1626 1757 1703 1860 pos·

170 1867 213 1949 sn
239 1867 408 1959 tolerati,
433 1865 562 1943 debeat
590 1860 650 1960 ipst
676 1858 886 1937 beneficium
911 1863 955 1940 de
979 1859 1152 1940 Paacollo
1177 1861 1310 1940 restitui
1332 1888 1380 1941 ex
1403 1888 1470 1958 eo,
1506 1864 1603 1964 quod
1627 1860 1704 1938 sen·

170 1971 305 2064 tentia,
329 1987 473 2044 remota
500 1964 763 2063 appellatione,
790 1961 898 2040 suerit
922 1967 1122 2044 executioni
1146 1967 1343 2061 mandata,
1368 1967 1484 2045 donec
1510 1965 1706 2065 appellatio

170 2071 421 2175 prosequatur?
459 2089 495 2144 a:
529 2084 585 2164 23.
612 2065 717 2142 Dato
741 2065 837 2164 quod
861 2056 938 2144 fieri
974 2069 1102 2146 debeat
1127 2066 1338 2162 restitutio,
1375 2071 1454 2169 quis
1477 2092 1558 2144 eam
1582 2064 1704 2143 facete

170 2173 307 2254 debebit
331 2191 459 2251 contra
495 2165 710 2244 sententiam
743 2168 1044 2270 Archiepiscopi?
1079 2171 1140 2246 An
1163 2160 1507 2270 &pitulumfflv
1516 2188 1665 2245 vacante
1686 2171 1704 2244 ?

170 2279 229 2355 An
255 2271 548 2371 Archiepiscopus
573 2265 767 2345 successor?
793 2270 855 2345 An
878 2269 992 2366 Judex
1017 2274 1320 2370 appellationum,
1358 2275 1419 2370 qui
1442 2272 1519 2362 iam
1549 2267 1705 2369 interpo-

169 2377 245 2455 sttae
272 2377 316 2452 ab
353 2372 430 2471 ipso
466 2369 616 2444 Thoma
642 2369 805 2459 detulit,-
839 2375 880 2445 dc
911 2371 1089 2467 apostolos
1125 2374 1323 2469 expedivit?
1361 2391 1398 2446 c:
1430 2393 1487 2469 ιφ
1525 2372 1584 2446 An
1612 2372 1708 2471 dato

170 2478 266 2579 quod
291 2474 459 2551 Thomas
482 2469 642 2546 obtineat
669 2469 706 2540 in
731 2464 857 2561 coust,
885 2469 914 2542 is
937 2473 998 2568 qui
1023 2468 1234 2547 beneficium
1256 2475 1303 2548 de
1327 2470 1501 2546 Paacollo
1523 2471 1706 2565 obtinuit,

170 2577 272 2676 polstt
296 2574 341 2651 ei
368 2575 405 2649 in
433 2591 550 2648 totum
576 2565 734 2662 omitia,
760 2593 822 2669 per
846 2571 944 2648 uiam
976 2571 1277 2671 compensationis
1299 2573 1346 2650 de
1381 2575 1497 2651 altero
1529 2594 1590 2673 pet
1613 2596 1708 2648 mot·

171 2700 248 2757 tem
274 2679 329 2753 vel
353 2699 417 2775 per
427 2672 703 2772 resignationem
721 2690 872 2749 vacante
896 2675 1098 2775 provideri?
1126 2692 1163 2751 :t
1184 2672 1317 2753 Platae.
1345 2672 1708 2774 3-Kal.Aug.1559.

270 2779 383 2857 Sacra
408 2775 654 2875 congregatio
679 2772 879 2872 respondit.
906 2778 966 2853 Ad
995 2783 1121 2857 t.&2.
1147 2776 1305 2856 linuit.
1332 2779 1392 2854 Ad
1418 2797 1453 2878 3.
1480 2777 1619 2855 tensuit
1635 2773 1708 2854 esse

170 2880 425 2981 expedendum
450 2877 587 2978 lapsum
611 2879 683 2967 ejus
709 2880 878 2973 termini,
903 2904 948 2958 ex
959 2902 1032 2980 quo
1057 2878 1206 2959 resultat
1230 2883 1337 2959 latius
1363 2878 1518 2980 spatium
1543 2883 1591 2958 ed
1610 2894 1709 2957 bon>

198 2985 394 3075 erendum,
420 2978 620 3055 dummodb
645 2999 720 3052 non
745 2981 894 3058 excedat
918 2983 1159 3083 prescriptum
1183 2984 1207 3059 l
1230 2981 1298 3061 Pio
1318 2976 1363 3058 V.
1383 2987 1421 3059 in
1447 2982 1551 3060 Bulla
1576 2988 1616 3057 In
1639 3007 1712 3057 cen-

188 3086 313 3159 erendis
342 3082 521 3172 (1)..Ad
547 3103 584 3167 4.
611 3079 789 3175 Negative
816 3085 925 3170 (11):
952 3089 989 3161 bt
1011 3087 1142 3182 pariter
1167 3083 1214 3158 ad
1251 3105 1285 3180 5.
1312 3087 1436 3174 (ιιι).
1461 3083 1520 3159 Ad
1546 3091 1583 3160 6.
1620 3085 1709 3160 Non

170 3184 271 3262 suiise
296 3185 416 3257 nulla.
444 3181 503 3253 Ad
530 3203 565 3272 7.
593 3181 721 3254 Valide
747 3179 958 3257 incubuisse.
985 3185 1043 3258 Ad
1071 3183 1107 3258 8.
1144 3182 1355 3280 Negttive.
1393 3183 1453 3259 nd
1478 3208 1515 3276 9.
1541 3181 1709 3257 Affirma-

171 3285 275 3363 tive.
303 3284 362 3358 Ad
391 3306 448 3357 ιο.
478 3288 572 3371 (lv)
599 3279 796 3378 Negative.
822 3283 882 3358 Ad
910 3307 969 3359 ιι.
994 3283 1194 3382 Negativb.
1223 3283 1272 3360 Et
1299 3284 1346 3358 ad
1376 3308 1434 3360 12.
1460 3282 1520 3360 Ad
1547 3302 1605 3381 13.
1631 3283 1709 3358 De-

170 3385 369 3463 finiendum
395 3382 463 3459 esse
487 3407 614 3458 coram
639 3381 704 3457 sno
722 3378 847 3478 Judice
872 3388 976 3477 (v).
1004 3388 1062 3462 Ad
1086 3385 1351 3485 14.Negative.
1378 3384 1491 3462 Extat
1517 3408 1595 3484 pars
1615 3381 1711 3483 apud

174 3485 335 3568 frassum
362 3489 458 3578 (a),
484 3489 519 3564 dt
543 3509 587 3560 ex
614 3503 697 3560 toto
720 3486 758 3561 in
783 3484 1019 3565 Colledianet's
1044 3486 1100 3565 M.
1126 3490 1163 3566 S.
1187 3486 1230 3566 P.
1256 3480 1528 3565 Petti·Lozano
1548 3487 1586 3564 S.
1605 3485 1637 3584 J.
1662 3497 1709 3562 elt

172 3589 335 3668 archivio
359 3586 579 3665 Cordubensi
605 3587 644 3662 in
668 3585 894 3689 Tucumania
918 3642 928 3664 .
965 3587 1035 3669 Ubi
1058 3591 1174 3667 etiem
1196 3608 1298 3668 extet
1323 3608 1408 3667 cum
1431 3591 1544 3668 dilata
1578 3589 1711 3667 resolu-

173 3693 273 3768 tione
300 3692 345 3767 ad
375 3713 407 3763 1.
434 3695 469 3767 dt
498 3713 532 3765 2.
559 3691 597 3765 in
621 3689 769 3765 litterali
797 3689 1018 3792 transumpto
1046 3695 1139 3792 typis
1160 3695 1264 3769 edito
1288 3698 1324 3771 dt
1360 3690 1711 3785 resolutionem&

172 3791 469 3970 gbsicriptionum
505 3789 712 3869 Cardinalis
744 3790 902 3869 nutem
935 3801 972 3872 dt
1006 3794 1193 3873 secretarii
1232 3791 1571 3890 congregationis.
1619 3792 1712 3872 Vide

215 3914 382 3993 r.327.
904 3962 907 3966 ,

541 4056 1398 4174 Annonartonan'
1553 4128 1556 4138 ·

225 4304 295 4390 (1)
321 4295 426 4373 mna
452 4304 492 4374 n
516 4296 734 4395 murena.
773 4293 856 4392 Qa
894 4296 1124 4398 prescribitur
1150 4297 1307 4377 sanum
1333 4296 1392 4375 sex
1429 4299 1639 4395 nonnum,
1674 4318 1716 4379 ut
1853 4279 1856 4283 ’

172 4403 221 4480 ab
245 4399 429 4501 Episcopis
449 4403 630 4477 collaturis
656 4399 811 4503 provisto
835 4396 920 4478 fut.
957 4398 1126 4500 Qctuot
1151 4326 1285 4480 sedicet
1310 4399 1488 4497 menstum
1515 4409 1535 4480 d
1570 4405 1629 4478 die
1655 4429 1717 4479 ta·

170 4505 352 4596 cationis,
378 4523 420 4579 ut
443 4504 569 4578 eunio
595 4502 809 4601 fignificetut
834 4506 1017 4581 collaturis
1043 4506 1090 4580 cb
1112 4505 1329 4604 eligentibus
1350 4501 1539 4600 diffindit,
1567 4509 1604 4582 dt
1628 4505 1719 4579 duo·

181 4633 268 4685 rum
293 4604 492 4696 menstum,
519 4623 559 4679 ut
585 4604 811 4683 instituantur
830 4606 1056 4724 praesentati.

229 4714 315 4798 (n)
340 4711 397 4785 Ad
422 4732 459 4807 4.
485 4705 676 4808 Negativi.
704 4704 804 4806 Qua
828 4732 869 4783 m
892 4707 1038 4807 ptaesata
1064 4707 1317 4786 constitutione
1342 4709 1451 4806 piana
1487 4708 1717 4784 annullantur

234 5052 283 5123 (a)
305 5054 419 5126 Fraffo,
439 5070 500 5121 cap·
524 5072 569 5114 to.
589 5054 609 5116 d
628 5074 707 5131 narn.
728 5066 775 5113 σι.

1156 5124 1242 5206 Fss
1289 5162 1314 5212 2
