3856 5678
250 332 254 339 ·
362 307 907 394 Μοετῡιιει.
959 330 1071 414 1700.
1122 316 1237 417 εγω»
1443 333 1523 428 ⁶¹7

43 451 304 560 aregulaqrsru
326 450 538 550 observetur.
565 452 777 529 Addebatur
812 451 878 530 hle
898 456 950 530 iu
973 452 1164 533 Concilio:
1202 459 1393 559 Regulares
1426 484 1565 564 prutes

41 587 151 662 quam
176 557 362 639 ordinarii
388 557 533 632 licentia
557 578 632 628 uon
658 551 751 654 posse
775 577 900 632 curram
926 580 1052 654 agere,
1083 564 1124 637 dt
1147 562 1380 657 matrimonia
1414 562 1483 647 effi
1516 567 1570 647 in·

43 665 163 745 valida
187 654 252 737 nist
277 656 463 759 priuilegio
487 651 716 735 fulcirentur}
742 659 840 756 quod
863 659 1001 736 ntullum
1025 655 1095 736 else
1127 660 1333 752 iudicabant
1365 654 1534 769 Episcopi
1558 722 1570 747 .

40 763 129 843 Hoc
156 760 320 841 additum
343 756 479 839 sustulit
513 758 623 835 Sacra
654 756 933 858 congregatio,
968 781 1009 837 ut
1034 757 1145 841 refert
1170 762 1312 864 'Aeolia
1338 766 1385 844 ad
1418 764 1576 857 Senatus

44 862 164 942 Indici
192 860 396 955 Praesrdem,
420 857 504 959 quia
530 855 647 935 noluit
670 859 717 935 de
741 860 926 960 privilegio
961 865 1180 960 regularium
1238 869 1410 968 uidquam
1435 874 1473 948 in
1499 872 1571 948 hac

45 988 147 1087 parte
171 962 337 1040 definire.
363 959 520 1039 Nolendi
546 960 658 1036 causae
680 959 762 1036 sunt
787 963 920 1037 eaedem
948 978 1089 1061 propter
1112 991 1200 1064 quas
1259 957 1451 1048 enectum.
1470 969 1570 1063 xlv.
1728 965 1732 970 ’

43 1093 85 1147 tn
111 1063 266 1166 praesenti
289 1061 542 1139 constitutione
575 1061 706 1155 refert,
743 1059 890 1136 uoluisse
921 1064 1070 1140 Sacram
1107 1066 1439 1168 Gongrcgationem
1475 1097 1572 1151 anno

41 1158 162 1265 '1722.
187 1165 379 1265 'quidquam
405 1156 550 1240 definire
574 1165 670 1237 circa
708 1153 912 1239 instantiam
940 1165 1201 1266 Arclaiepiscopi
1233 1169 1446 1251 ricalcasi:
1484 1184 1572 1276 quas

45 1265 186 1351 cessasse
206 1269 283 1360 iam
308 1265 401 1344 testis
426 1263 475 1348 est
496 1263 613 1361 Judex
638 1258 708 1361 ipse
730 1261 888 1339 summias
912 1265 998 1346 ibid.

435 1461 939 1570 (tuburtino
1009 1464 1202 1554 Dxcvn.

452 1559 459 1584 “
589 1571 700 1647 Anno
727 1594 836 1672 1752.
875 1569 1057 1711 3qMaii,

133 1774 221 1858 Euo
245 1771 445 1854 memoriali
471 1802 543 1877 quo
566 1764 782 1853 Procurator
805 1768 993 1853 Generalis
1016 1769 1099 1854 Soc.
1122 1768 1205 1874 Jefu
1242 1774 1441 1879 postulabat
1472 1803 1575 1863 terto·

162 1875 343 1958 rationem
374 1875 557 1955 facultatis
589 1880 878 1955 extraordinariae
904 1880 940 1953 in
965 1876 1082 1956 forma
1119 1879 1258 1974 Brevia,
1292 1906 1372 1982 qua
1410 1886 1452 1961 ab
1479 1888 1576 1962 auno

49 2004 170 2082 ³734·
196 1986 219 2056 al
244 1980 430 2079 Clemente
455 1979 540 2058 llll.
566 1998 756 2078 prorogata
781 1975 898 2059 fuerat
925 1981 971 2054 ad
995 2001 1110 2056 annos
1147 1980 1293 2080 uiginti,
1330 1983 1405 2064 ΕΒ.
1433 1984 1500 2062 ΡΡ.
1524 1989 1600 2084 ‹li-⁴

50 2102 179 2163 xerunt
201 2107 263 2181 pro
280 2082 427 2180 gratia,
452 2083 600 2178 derupta
625 2095 749 2156 tamen
771 2080 952 2173 clausula,
979 2079 1252 2162 fisanulsfimo
1290 2084 1466 2182 placuisset
1502 2109 1579 2188 quat

54 2179 229 2286 sequ'iturt
257 2188 304 2258 Et
328 2176 456 2282 insuper
481 2185 642 2258 locorum
667 2179 876 2274 Ordinarii,
903 2203 944 2259 ut
978 2185 1024 2256 de
1050 2183 1332 2280 presbyterorum
1369 2192 1581 2271 corumdem

55 2309 228 2386 tanquam
255 2285 458 2371 adiutorrun
482 2289 519 2360 ἃ
545 2279 744 2363 assessorum
768 2280 912 2357 suorum
939 2283 975 2356 in
1002 2284 1090 2356 locis
1116 2282 1331 2381 praefatis...
1356 2290 1509 2366 consiliu
1544 2297 1580 2369 dt

54 2409 141 2464 crura
166 2385 236 2464 illis
258 2384 372 2483 etiam
398 2385 437 2459 in
461 2381 617 2471 iudiciali
634 2378 730 2477 ,soro-
757 2379 805 2456 Et
830 2381 994 2480 postridie
1028 2383 1263 2460 Sandissrmus
1289 2391 1415 2467 annuit
1437 2445 1455 2476 ,Α
1482 2390 1581 2466 Con·

55 2491 191 2568 tinctu
217 2487 255 2561 in
277 2481 544 2560 Constitutione
568 2479 661 2557 insta
686 2478 869 2560 referenda
895 2504 992 2559 anno
1020 2503 1127 2582 1757.
1156 2505 1216 2583 27.
1244 2484 1324 2583 Jan.
1350 2489 1400 2565 Et
1424 2492 1580 2567 clausula

60 2588 209 2690 quidem
232 2581 426 2685 suppressa,
452 2608 528 2661 non
563 2601 705 2660 tantum
730 2580 770 2657 in·
799 2582 1065 2660 Constitutione
1091 2590 1178 2660 Cum
1203 2588 1342 2682 dudum,
1382 2593 1477 2680 cuius
1503 2620 1581 2691 pro·

58 2690 201 2788 rogatio
226 2709 311 2764 utne
336 2686 520 2785 petebatur
556 2690 594 2765 dt
626 2683 788 2761 concessa
813 2685 898 2776 est,
932 2686 990 2760 scd
1017 2688 1054 2761 in
1077 2685 1342 2770 Constitutione
1378 2694 1584 2770 Animarum

52 2789 186 2887 soluti,
249 2790 300 2865 ari
330 2784 445 2864 modo
473 2785 744 2864 continebatur.
771 2785 854 2862 lmo
890 2789 927 2861 itt
952 2788 1067 2885 prima
1092 2786 1169 2887 post
1202 2789 1274 2869 hoc
1309 2796 1447 2893 tempus
1469 2850 1481 2890 ‚
1506 2812 1584 2895 quat

61 2891 191 2970 ult'ima
233 2890 311 2984 it,
337 2891 590 2990 prorogatione
615 2886 889 2965 Constitutiouis
913 2888 1067 2979 ejusdem
1092 2892 1297 2969 Animarum
1326 2893 1472 2990 saciati,
1505 2915 1586 2997 qna

60 2987 252 3072 facultates
277 2988 452 3067 concessas
478 2992 516 3065 in
542 2993 604 3065 illa
632 2989 703 3064 alia
727 2994 759 3062 C
758 3017 816 3064 una
836 2991 956 3066 dudum
981 2990 1052 3064 unai
1071 2993 1393 3088 complectebatur,
1419 3011 1585 3074 nontan·

60 3096 145 3174 tium
172 3089 327 3170 clausula
352 3110 550 3168 memorata
575 3089 843 3188 suppressus,
868 3089 928 3166 sed
953 3086 1104 3166 facultas
1130 3112 1208 3168 tora
1232 3109 1406 3192 quatenus
1432 3119 1476 3173 ex
1504 3103 1586 3194 prat·

61 3196 153 3273 senti
190 3184 415 3271 ordinatione
448 3212 571 3270 manet
603 3189 879 3290 ordinariorum
916 3189 1055 3292 propria
1083 3193 1274 3287 privativi,
1311 3218 1351 3273 ut
1377 3197 1457 3273 vide
1492 3196 1585 3281 iufra

61 3295 197 3371 Ordin.
223 3297 290 3372 ult.
317 3319 415 3373 armo
444 3298 554 3394 1766.
585 3318 640 3372 ιο.
667 3289 762 3394 Sept.
787 3293 948 3374 Ducebat
973 3295 1068 3368 enim
1096 3293 1203 3388 veris,
1238 3316 1281 3372 ut
1310 3295 1490 3376 facultatis
1514 3299 1584 3374 Or·

63 3399 288 3476 dinariorum
312 3396 481 3497 privativi
503 3393 675 3499 propriis,
723 3395 872 3474 ritatira
898 3389 990 3474 foret
1018 3392 1167 3493 ipsismet
1201 3398 1253 3472 im
1277 3400 1415 3475 errandi
1438 3423 1547 3483 eura.

168 3493 308 3577 Fodem
333 3519 432 3579 anuo
462 3523 570 3600 ¹752·
602 3525 659 3577 η.
732 3519 780 3599 pt.
805 3501 913 3609 Sacra
947 3491 1190 3597 congregatio
1224 3424 1275 3576 ad
1295 3495 1469 3601 postulata
1494 3523 1586 3604 quae-

63 3597 156 3680 darn
191 3596 247 3677 ill.
285 3598 504 3701 Argandotia
521 3599 820 3681 ·.Tueumanens1s
856 3624 941 3676 tunc
975 3599 1159 3698 Episcopi,
1194 3601 1321 3681 deinde
1354 3601 1590 3705 Charquensrt
1680 3646 1683 3652 ι

66 3701 364 3803 Metropolitani,
382 3729 473 3780 eum
497 3706 707 3781 relationem
735 3701 844 3780 llatlis
868 3699 1030 3778 Ecclesiae
1055 3699 1123 3778 fuae
1149 3701 1435 3798 transmitteret,
1462 3712 1499 3785 ἃ
1523 3705 1586 3784 SS-

68 3806 324 3904 Apostolorum
351 3805 495 3884 Limina
529 3805 700 3882 visitanda
724 3824 889 3895 curaret,
906 3803 974 3879 'res
1015 3803 1094 3877 ndit
1120 3825 1185 3898 pro
1218 3801 1467 3880 Sanetlffimo.
1512 3804 1589 3882 Pri·

71 3932 173 3984 mum
198 3927 304 3984 erat:
340 3913 387 3982 Ut
409 3910 534 4004 quoties
569 3910 738 3996 voluero,
763 3904 926 4002 fameque
959 3830 1129 4003 squirituali
1154 3906 1308 4001 corporis
1343 3910 1378 3982 dt
1411 3905 1591 4006 sanguinis

64 4003 201 4085 ‘Christi
227 4005 401 4097 esuriero,
424 4009 477 4082 bis
500 4008 537 4082 iu
561 4003 901 4084 diesacrosanetum
926 4003 1033 4080 missas
1067 4002 1276 4081 sacrificiunt
1299 4004 1476 4082 celebrare
1511 4007 1590 4106 pos·

71 4106 158 4187 sim.
186 4109 235 4189 R.
261 4105 408 4185 indulsit
432 4106 519 4200 tibi,
545 4127 586 4184 ut
611 4104 821 4185 visitationis
846 4125 1005 4206 tempore
1038 4105 1138 4182 binas
1162 4103 1279 4182 missas
1303 4108 1477 4192 celebrate
1514 4102 1592 4206 pof·

72 4210 137 4289 sss.
167 4236 203 4285 =
238 4208 458 4286 Secundum:
485 4206 537 4290 Ut
564 4212 676 4286 altare
699 4210 947 4308 quodcumque
968 4262 980 4300 ,
1019 4210 1055 4282 in
1079 4232 1152 4306 quo
1176 4209 1427 4302 celebravero,
1451 4204 1522 4308 sive
1548 4204 1590 4283 fi·

70 4336 158 4390 stum
185 4305 256 4387 live
281 4312 474 4411 portatile,
500 4307 759 4409 privilegiatum
784 4308 852 4402 fit,
879 4330 918 4384 ut
944 4307 1100 4408 quolibet
1126 4307 1229 4384 sacro
1251 4312 1393 4402 anima,
1416 4312 1475 4386 eui
1503 4309 1592 4387 illud

70 4417 268 4514 applicem,
290 4413 314 4488 ὲ
340 4413 534 4511 purgatorii
560 4412 671 4509 poenis
694 4431 857 4488 ematur.
886 4411 993 4510 quue
1019 4407 1176 4484 beneficii
1203 4409 1509 4488 indiscriminatim
1539 4409 1591 4487 as·

68 4516 163 4616 sequi
191 4516 317 4591 animae
342 4506 499 4588 fidelium
526 4512 688 4611 possint,
726 4511 795 4588 live
818 4510 919 4586 milia
956 4510 998 4585 fit
1023 4513 1066 4585 de
1091 4510 1253 4606 requiem,
1291 4511 1360 4588 sive
1385 4512 1429 4587 de
1465 4509 1592 4605 scria,

72 4641 135 4694 aur
159 4621 203 4694 de
229 4617 346 4693 fando
370 4612 583 4692 celebretur.
610 4615 658 4692 R.
684 4609 736 4690 Ut
758 4613 1045 4712 quotiescumque
1064 4609 1168 4711 super
1194 4615 1320 4706 altari,
1347 4610 1417 4688 save
1441 4615 1593 4709 portati·

69 4726 126 4812 le,
151 4720 222 4795 five
248 4716 433 4794 immobile
457 4712 584 4807 suerit,
609 4709 819 4791 sacrificium
845 4709 989 4805 offeres,
1016 4713 1222 4810 missamque
1248 4707 1318 4789 five
1341 4716 1386 4788 de
1410 4715 1592 4812 requiem,

70 4821 141 4898 stre
166 4825 210 4903 de
235 4820 348 4914 feria,
373 4816 443 4894 sive
467 4821 510 4894 de
534 4814 624 4893 sesto
648 4820 761 4913 leges,
793 4814 1068 4903 animam...e
1094 4811 1287 4911 purgatorii
1313 4813 1604 4992 Ηαωωίςὲτίφν·

72 4949 111 5000 re
137 4923 265 5000 liceat.
295 4947 331 5001 τι
368 4921 556 4999 Tertium.
583 4917 654 4995 Pro
678 4916 974 4995 monasteriorum
998 4915 1139 4992 Santlae.
1158 4915 1377 5007 catharina
1399 4917 1468 4994 Sen
1527 4941 1556 4991 rs
1580 4965 1617 5015 ,Ι

63 5031 107 5117 ὃς
130 5025 263 5105 Saneae
286 5022 463 5105 Theresror
485 5022 699 5103 monialium
724 5019 970 5100 consolatione
993 5008 1444 5197 Vesttqqtqueatituditttm
1465 5041 1554 5198 rog?
1578 5066 1595 5115 ,

1023 5147 1025 5151 ’
1502 5145 1527 5196 u
