<?xml version="1.0" encoding="UTF-8"?>
<!DOCTYPE html PUBLIC "-//W3C//DTD XHTML 1.0 Transitional//EN"
    "http://www.w3.org/TR/xhtml1/DTD/xhtml1-transitional.dtd">
<html xmlns="http://www.w3.org/1999/xhtml" xml:lang="en" lang="en">
 <head>
  <title>
</title>
<meta http-equiv="Content-Type" content="text/html;charset=utf-8" />
  <meta name='ocr-system' content='tesseract 3.04.00' />
  <meta name='ocr-capabilities' content='ocr_page ocr_carea ocr_par ocr_line ocrx_word'/>
</head>
<body>
  <div class='ocr_page' id='page_1' title='image "./fastinoviorbise00moregoog_0309.png"; bbox 0 0 3864 5686; ppageno 0'>
   <div class='ocr_carea' id='block_1_1' title="bbox 188 277 1414 375">
    <p class='ocr_par' dir='ltr' id='par_1_1' title="bbox 188 277 1414 375">
     <span class='ocr_line' id='line_1_1' title="bbox 188 277 1414 375; baseline -0.01 -15"><span class='ocrx_word' id='word_1_1' title='bbox 188 282 350 375; x_wconf 60' lang='lat'>„298</span> <span class='ocrx_word' id='word_1_2' title='bbox 602 314 606 325; x_wconf 94' lang='lat'>·</span> <span class='ocrx_word' id='word_1_3' title='bbox 708 277 1307 369; x_wconf 77' lang='lat' dir='ltr'>ortoruartonns.</span> <span class='ocrx_word' id='word_1_4' title='bbox 1405 294 1414 331; x_wconf 71' lang='grc' dir='ltr'><strong>τ</strong></span> 
     </span>
    </p>
   </div>
   <div class='ocr_carea' id='block_1_2' title="bbox 79 401 1792 4608">
    <p class='ocr_par' dir='ltr' id='par_1_2' title="bbox 218 401 1768 929">
     <span class='ocr_line' id='line_1_2' title="bbox 220 401 1768 522; baseline 0.002 -25"><span class='ocrx_word' id='word_1_5' title='bbox 220 422 314 499; x_wconf 82' lang='lat' dir='ltr'>Ord.</span> <span class='ocrx_word' id='word_1_6' title='bbox 344 416 403 495; x_wconf 80' lang='lat'>86.</span> <span class='ocrx_word' id='word_1_7' title='bbox 431 416 567 494; x_wconf 87' lang='lat' dir='ltr'>Adnor.</span> <span class='ocrx_word' id='word_1_8' title='bbox 594 415 648 508; x_wconf 90' lang='lat'>1.‚</span> <span class='ocrx_word' id='word_1_9' title='bbox 673 419 710 492; x_wconf 75' lang='lat' dir='ltr'>a&lt;</span> <span class='ocrx_word' id='word_1_10' title='bbox 735 401 928 493; x_wconf 86' lang='lat' dir='ltr'>Barbosam</span> <span class='ocrx_word' id='word_1_11' title='bbox 954 416 1027 504; x_wconf 88' lang='lat' dir='ltr'>(a)</span> <span class='ocrx_word' id='word_1_12' title='bbox 1052 411 1265 492; x_wconf 82' lang='lat' dir='ltr'>referentem</span> <span class='ocrx_word' id='word_1_13' title='bbox 1290 411 1361 491; x_wconf 84' lang='lat' dir='ltr'>sote</span> <span class='ocrx_word' id='word_1_14' title='bbox 1385 413 1471 493; x_wconf 89' lang='lat' dir='ltr'>data</span> <span class='ocrx_word' id='word_1_15' title='bbox 1495 414 1532 493; x_wconf 89' lang='lat' dir='ltr'>S.</span> <span class='ocrx_word' id='word_1_16' title='bbox 1553 413 1768 522; x_wconf 76' lang='lat' dir='ltr'>Congrega</span> 
     </span>
     <span class='ocr_line' id='line_1_3' title="bbox 226 514 1767 624; baseline 0 -23"><span class='ocrx_word' id='word_1_17' title='bbox 226 524 336 601; x_wconf 87' lang='lat' dir='ltr'>tionis</span> <span class='ocrx_word' id='word_1_18' title='bbox 361 519 515 596; x_wconf 86' lang='lat' dir='ltr'>Concilii</span> <span class='ocrx_word' id='word_1_19' title='bbox 542 517 859 610; x_wconf 80' lang='lat' dir='ltr'>oraculumhujus</span> <span class='ocrx_word' id='word_1_20' title='bbox 884 518 1038 597; x_wconf 78' lang='lat' dir='ltr'>tenoris:</span> <span class='ocrx_word' id='word_1_21' title='bbox 1064 518 1250 601; x_wconf 72' lang='lat' dir='ltr'>concitum</span> <span class='ocrx_word' id='word_1_22' title='bbox 1274 514 1495 595; x_wconf 83' lang='lat' dir='ltr'>Provinciale</span> <span class='ocrx_word' id='word_1_23' title='bbox 1519 543 1595 597; x_wconf 91' lang='lat' dir='ltr'>non</span> <span class='ocrx_word' id='word_1_24' title='bbox 1619 523 1767 624; x_wconf 89' lang='lat' dir='ltr'>obligat</span> 
     </span>
     <span class='ocr_line' id='line_1_4' title="bbox 224 609 1767 725; baseline 0 -20"><span class='ocrx_word' id='word_1_25' title='bbox 224 649 324 705; x_wconf 83' lang='lat' dir='ltr'>extra</span> <span class='ocrx_word' id='word_1_26' title='bbox 351 622 593 723; x_wconf 86' lang='lat' dir='ltr'>provinciam,</span> <span class='ocrx_word' id='word_1_27' title='bbox 619 623 655 725; x_wconf 75' lang='lat' dir='ltr'>bt</span> <span class='ocrx_word' id='word_1_28' title='bbox 679 638 780 700; x_wconf 82' lang='lat' dir='ltr'>extra</span> <span class='ocrx_word' id='word_1_29' title='bbox 804 640 887 699; x_wconf 83' lang='lat' dir='ltr'>eam</span> <span class='ocrx_word' id='word_1_30' title='bbox 911 644 987 701; x_wconf 92' lang='lat' dir='ltr'>non</span> <span class='ocrx_word' id='word_1_31' title='bbox 1010 609 1101 697; x_wconf 87' lang='lat' dir='ltr'>sacit</span> <span class='ocrx_word' id='word_1_32' title='bbox 1124 620 1264 722; x_wconf 87' lang='lat' dir='ltr'>legem,</span> <span class='ocrx_word' id='word_1_33' title='bbox 1299 626 1335 699; x_wconf 82' lang='lat' dir='ltr'>dt</span> <span class='ocrx_word' id='word_1_34' title='bbox 1370 644 1430 719; x_wconf 88' lang='lat' dir='ltr'>per</span> <span class='ocrx_word' id='word_1_35' title='bbox 1463 622 1767 723; x_wconf 78' lang='lat' dir='ltr'>approbationem</span> 
     </span>
     <span class='ocr_line' id='line_1_5' title="bbox 218 720 1763 827; baseline 0.003 -24"><span class='ocrx_word' id='word_1_36' title='bbox 218 752 301 827; x_wconf 81' lang='lat' dir='ltr'>quae</span> <span class='ocrx_word' id='word_1_37' title='bbox 325 724 372 803; x_wconf 82' lang='lat' dir='ltr'>fin</span> <span class='ocrx_word' id='word_1_38' title='bbox 393 728 414 802; x_wconf 71' lang='grc' dir='ltr'>ὲ</span> <span class='ocrx_word' id='word_1_39' title='bbox 434 726 556 805; x_wconf 69' lang='lat' dir='ltr'>nacte</span> <span class='ocrx_word' id='word_1_40' title='bbox 574 720 884 825; x_wconf 64' lang='lat' dir='ltr'>Congregatibne4</span> <span class='ocrx_word' id='word_1_41' title='bbox 909 724 1221 823; x_wconf 70' lang='lat' dir='ltr'>aar-loelltgreu</span> <span class='ocrx_word' id='word_1_42' title='bbox 1243 721 1499 809; x_wconf 78' lang='lat' dir='ltr'>,confirmatum</span> <span class='ocrx_word' id='word_1_43' title='bbox 1530 724 1763 819; x_wconf 70' lang='lat' dir='ltr'>authoritate</span> 
     </span>
     <span class='ocr_line' id='line_1_6' title="bbox 221 829 1765 929; baseline -0.002 -20"><span class='ocrx_word' id='word_1_44' title='bbox 221 829 441 929; x_wconf 77' lang='lat' dir='ltr'>apostolica,</span> <span class='ocrx_word' id='word_1_45' title='bbox 468 829 528 905; x_wconf 92' lang='lat' dir='ltr'>sed</span> <span class='ocrx_word' id='word_1_46' title='bbox 555 847 701 907; x_wconf 84' lang='lat' dir='ltr'>tantum</span> <span class='ocrx_word' id='word_1_47' title='bbox 718 831 933 929; x_wconf 78' lang='lat' dir='ltr'>peroriffnrn.</span> <span class='ocrx_word' id='word_1_48' title='bbox 1011 840 1034 905; x_wconf 85' lang='grc'>’,</span> <span class='ocrx_word' id='word_1_49' title='bbox 1138 923 1141 928; x_wconf 22' lang='lat'>¹</span> <span class='ocrx_word' id='word_1_50' title='bbox 1473 848 1476 855; x_wconf 86' lang='lat'>&#39;</span> <span class='ocrx_word' id='word_1_51' title='bbox 1692 880 1702 887; x_wconf 95' lang='lat'>--</span> <span class='ocrx_word' id='word_1_52' title='bbox 1758 868 1765 883; x_wconf 92' lang='lat'><strong>·</strong></span> 
     </span>
    </p>

    <p class='ocr_par' dir='ltr' id='par_1_3' title="bbox 79 924 1764 1134">
     <span class='ocr_line' id='line_1_7' title="bbox 327 924 1764 1034; baseline 0.001 -25"><span class='ocrx_word' id='word_1_53' title='bbox 327 924 628 1033; x_wconf 74' lang='lat' dir='ltr'>Nempe&#39;lsuapte.</span> <span class='ocrx_word' id='word_1_54' title='bbox 657 952 793 1034; x_wconf 81' lang='lat' dir='ltr'>natura</span> <span class='ocrx_word' id='word_1_55' title='bbox 821 938 859 1010; x_wconf 77' lang='lat' dir='ltr'>bc</span> <span class='ocrx_word' id='word_1_56' title='bbox 884 932 918 1009; x_wconf 81' lang='lat' dir='ltr'>ni</span> <span class='ocrx_word' id='word_1_57' title='bbox 940 924 1100 1032; x_wconf 83' lang='lat' dir='ltr'>obligare</span> <span class='ocrx_word' id='word_1_58' title='bbox 1135 931 1268 1011; x_wconf 88' lang='lat' dir='ltr'>habent</span> <span class='ocrx_word' id='word_1_59' title='bbox 1304 933 1343 1009; x_wconf 90' lang='lat' dir='ltr'>in</span> <span class='ocrx_word' id='word_1_60' title='bbox 1364 931 1552 1031; x_wconf 86' lang='lat' dir='ltr'>provincia</span> <span class='ocrx_word' id='word_1_61' title='bbox 1588 929 1764 1013; x_wconf 65' lang='lat' dir='ltr'>concito</span> 
     </span>
     <span class='ocr_line' id='line_1_8' title="bbox 79 1030 1763 1134; baseline 0.001 -23"><span class='ocrx_word' id='word_1_62' title='bbox 79 1112 82 1121; x_wconf 80' lang='grc'>,</span> <span class='ocrx_word' id='word_1_63' title='bbox 222 1034 418 1129; x_wconf 70' lang='lat' dir='ltr'>eiusmodi,</span> <span class='ocrx_word' id='word_1_64' title='bbox 445 1056 485 1111; x_wconf 89' lang='lat' dir='ltr'>ut</span> <span class='ocrx_word' id='word_1_65' title='bbox 511 1038 658 1112; x_wconf 87' lang='lat' dir='ltr'>tradunt</span> <span class='ocrx_word' id='word_1_66' title='bbox 682 1030 859 1134; x_wconf 82' lang='lat' dir='ltr'>Tlreologi</span> <span class='ocrx_word' id='word_1_67' title='bbox 887 1059 968 1111; x_wconf 85' lang='lat' dir='ltr'>curn</span> <span class='ocrx_word' id='word_1_68' title='bbox 989 1037 1125 1113; x_wconf 80' lang='lat' dir='ltr'>Suarez</span> <span class='ocrx_word' id='word_1_69' title='bbox 1151 1034 1247 1128; x_wconf 87' lang='lat' dir='ltr'>(b),</span> <span class='ocrx_word' id='word_1_70' title='bbox 1273 1040 1310 1115; x_wconf 77' lang='lat' dir='ltr'>dt</span> <span class='ocrx_word' id='word_1_71' title='bbox 1334 1031 1538 1115; x_wconf 78' lang='lat' dir='ltr'>cmonissa</span> <span class='ocrx_word' id='word_1_72' title='bbox 1557 1058 1650 1115; x_wconf 75' lang='lat' dir='ltr'>eum</span> <span class='ocrx_word' id='word_1_73' title='bbox 1669 1032 1763 1113; x_wconf 77' lang='lat' dir='ltr'>Selu-¹</span> 
     </span>
    </p>

    <p class='ocr_par' dir='ltr' id='par_1_4' title="bbox 163 1061 1779 3383">
     <span class='ocr_line' id='line_1_9' title="bbox 223 1061 1761 1241; baseline 0.001 -27"><span class='ocrx_word' id='word_1_74' title='bbox 223 1061 316 1215; x_wconf 70' lang='lat' dir='ltr'>ediec</span> <span class='ocrx_word' id='word_1_75' title='bbox 341 1138 432 1230; x_wconf 85' lang='lat' dir='ltr'>(c),</span> <span class='ocrx_word' id='word_1_76' title='bbox 449 1141 485 1225; x_wconf 80' lang='lat' dir='ltr'><em>fi</em></span> <span class='ocrx_word' id='word_1_77' title='bbox 505 1140 656 1213; x_wconf 84' lang='lat' dir='ltr'>canonico</span> <span class='ocrx_word' id='word_1_78' title='bbox 671 1138 766 1241; x_wconf 73' lang='lat' dir='ltr'>stne,</span> <span class='ocrx_word' id='word_1_79' title='bbox 791 1133 832 1215; x_wconf 63' lang='lat' dir='ltr'>dl</span> <span class='ocrx_word' id='word_1_80' title='bbox 856 1138 1008 1225; x_wconf 81' lang='lat' dir='ltr'>canonice</span> <span class='ocrx_word' id='word_1_81' title='bbox 1026 1135 1160 1224; x_wconf 68' lang='lat' dir='ltr'>statuta</span> <span class='ocrx_word' id='word_1_82' title='bbox 1184 1138 1391 1215; x_wconf 78' lang='lat' dir='ltr'>contineant.</span> <span class='ocrx_word' id='word_1_83' title='bbox 1417 1132 1506 1233; x_wconf 68' lang='lat' dir='ltr'>Quo</span> <span class='ocrx_word' id='word_1_84' title='bbox 1530 1136 1699 1215; x_wconf 86' lang='lat' dir='ltr'>conditio</span> <span class='ocrx_word' id='word_1_85' title='bbox 1718 1138 1761 1215; x_wconf 85' lang='lat' dir='ltr'>in</span> 
     </span>
     <span class='ocr_line' id='line_1_10' title="bbox 163 1238 1763 1340; baseline -0.003 -24"><span class='ocrx_word' id='word_1_86' title='bbox 163 1332 166 1337; x_wconf 89' lang='lat'>.</span> <span class='ocrx_word' id='word_1_87' title='bbox 224 1241 391 1317; x_wconf 84' lang='lat' dir='ltr'>omnibus</span> <span class='ocrx_word' id='word_1_88' title='bbox 416 1242 590 1340; x_wconf 86' lang='lat' dir='ltr'>implicita</span> <span class='ocrx_word' id='word_1_89' title='bbox 603 1242 625 1334; x_wconf 82' lang='lat'>,&#39;</span> <span class='ocrx_word' id='word_1_90' title='bbox 640 1241 677 1315; x_wconf 92' lang='lat' dir='ltr'>in</span> <span class='ocrx_word' id='word_1_91' title='bbox 701 1239 892 1331; x_wconf 77' lang='lat' dir='ltr'>Concilio,</span> <span class='ocrx_word' id='word_1_92' title='bbox 916 1239 962 1316; x_wconf 90' lang='lat' dir='ltr'>de</span> <span class='ocrx_word' id='word_1_93' title='bbox 987 1255 1060 1338; x_wconf 79' lang='lat' dir='ltr'>&#39;quo</span> <span class='ocrx_word' id='word_1_94' title='bbox 1081 1239 1197 1315; x_wconf 89' lang='lat' dir='ltr'>modo</span> <span class='ocrx_word' id='word_1_95' title='bbox 1222 1238 1271 1317; x_wconf 88' lang='lat' dir='ltr'>est</span> <span class='ocrx_word' id='word_1_96' title='bbox 1288 1238 1425 1330; x_wconf 83' lang='lat' dir='ltr'>sermo,</span> <span class='ocrx_word' id='word_1_97' title='bbox 1450 1240 1663 1340; x_wconf 86' lang='lat' dir='ltr'>exprimitur</span> <span class='ocrx_word' id='word_1_98' title='bbox 1672 1239 1763 1327; x_wconf 68' lang='grc' dir='ltr'><strong>Λᾶ..</strong></span> 
     </span>
     <span class='ocr_line' id='line_1_11' title="bbox 221 1337 1779 1444; baseline 0 -25"><span class='ocrx_word' id='word_1_99' title='bbox 221 1352 258 1420; x_wconf 74' lang='lat' dir='ltr'>br</span> <span class='ocrx_word' id='word_1_100' title='bbox 287 1370 363 1444; x_wconf 80' lang='lat' dir='ltr'>cap.</span> <span class='ocrx_word' id='word_1_101' title='bbox 394 1366 427 1418; x_wconf 89' lang='lat'>1.</span> <span class='ocrx_word' id='word_1_102' title='bbox 448 1341 588 1442; x_wconf 73' lang='lat' dir='ltr'>Eoper</span> <span class='ocrx_word' id='word_1_103' title='bbox 612 1337 802 1419; x_wconf 85' lang='lat' dir='ltr'>illinsmodi</span> <span class='ocrx_word' id='word_1_104' title='bbox 829 1342 1123 1439; x_wconf 73' lang='lat' dir='ltr'>approbationem</span> <span class='ocrx_word' id='word_1_105' title='bbox 1144 1341 1381 1440; x_wconf 79' lang='lat' dir='ltr'>permiffivam</span> <span class='ocrx_word' id='word_1_106' title='bbox 1417 1341 1477 1417; x_wconf 84' lang='lat' dir='ltr'>seu</span> <span class='ocrx_word' id='word_1_107' title='bbox 1510 1338 1779 1431; x_wconf 63' lang='lat' dir='ltr'>confirmatio,</span> 
     </span>
     <span class='ocr_line' id='line_1_12' title="bbox 220 1443 1768 1629; baseline -0.001 -6"><span class='ocrx_word' id='word_1_108' title='bbox 220 1443 1768 1629; x_wconf 47' lang='lat' dir='ltr'>wellin.lllllssflldllln.t&#39;.¹’2..‘&#39;¹&#39;⁰l.{std.².l¹².¹lll:..lldds?</span> 
     </span>
     <span class='ocr_line' id='line_1_13' title="bbox 218 1642 1765 1747; baseline -0.001 -22"><span class='ocrx_word' id='word_1_109' title='bbox 218 1650 300 1725; x_wconf 85' lang='lat' dir='ltr'>vilse</span> <span class='ocrx_word' id='word_1_110' title='bbox 326 1651 478 1727; x_wconf 90' lang='lat' dir='ltr'>concilia</span> <span class='ocrx_word' id='word_1_111' title='bbox 497 1642 748 1747; x_wconf 80' lang='lat' dir='ltr'>provincialia,</span> <span class='ocrx_word' id='word_1_112' title='bbox 774 1646 1281 1747; x_wconf 83' lang='lat' dir='ltr'>exceptisMediolanensrbus,</span> <span class='ocrx_word' id='word_1_113' title='bbox 1306 1649 1448 1725; x_wconf 90' lang='lat' dir='ltr'>notavit</span> <span class='ocrx_word' id='word_1_114' title='bbox 1458 1647 1702 1744; x_wconf 70' lang='lat' dir='ltr'>Thamaudi,</span> <span class='ocrx_word' id='word_1_115' title='bbox 1718 1655 1765 1733; x_wconf 70' lang='lat' dir='ltr'>dt</span> 
     </span>
     <span class='ocr_line' id='line_1_14' title="bbox 219 1744 1761 1849; baseline 0.001 -22"><span class='ocrx_word' id='word_1_116' title='bbox 219 1750 408 1849; x_wconf 87' lang='lat' dir='ltr'>Fagnanus</span> <span class='ocrx_word' id='word_1_117' title='bbox 428 1751 546 1825; x_wconf 88' lang='lat' dir='ltr'>dicens</span> <span class='ocrx_word' id='word_1_118' title='bbox 563 1754 641 1843; x_wconf 86' lang='lat' dir='ltr'>(d):</span> <span class='ocrx_word' id='word_1_119' title='bbox 665 1751 895 1827; x_wconf 79' lang='lat' dir='ltr'>omittendum</span> <span class='ocrx_word' id='word_1_120' title='bbox 919 1776 995 1826; x_wconf 88' lang='lat' dir='ltr'>non</span> <span class='ocrx_word' id='word_1_121' title='bbox 1018 1749 1091 1842; x_wconf 87' lang='lat' dir='ltr'>est,</span> <span class='ocrx_word' id='word_1_122' title='bbox 1116 1749 1283 1829; x_wconf 82' lang='lat' dir='ltr'>concilia</span> <span class='ocrx_word' id='word_1_123' title='bbox 1306 1744 1546 1831; x_wconf 73' lang='lat' dir='ltr'>provincialia</span> <span class='ocrx_word' id='word_1_124' title='bbox 1565 1747 1761 1829; x_wconf 75' lang='lat' dir='ltr'>Mediola-</span> 
     </span>
     <span class='ocr_line' id='line_1_15' title="bbox 216 1842 1754 1951; baseline 0.003 -22"><span class='ocrx_word' id='word_1_125' title='bbox 216 1852 338 1929; x_wconf 85' lang='lat' dir='ltr'>nenfia</span> <span class='ocrx_word' id='word_1_126' title='bbox 357 1849 568 1930; x_wconf 78' lang='lat' dir='ltr'>consuevisse</span> <span class='ocrx_word' id='word_1_127' title='bbox 595 1848 777 1951; x_wconf 88' lang='lat' dir='ltr'>approbari</span> <span class='ocrx_word' id='word_1_128' title='bbox 804 1852 825 1927; x_wconf 73' lang='lat' dir='ltr'>d</span> <span class='ocrx_word' id='word_1_129' title='bbox 849 1852 1000 1929; x_wconf 91' lang='lat' dir='ltr'>Summo</span> <span class='ocrx_word' id='word_1_130' title='bbox 1008 1849 1182 1929; x_wconf 87' lang='lat' dir='ltr'>Pomifice</span> <span class='ocrx_word' id='word_1_131' title='bbox 1195 1876 1267 1950; x_wconf 38' lang='lat' dir='ltr'>‚per</span> <span class='ocrx_word' id='word_1_132' title='bbox 1291 1854 1427 1931; x_wconf 82' lang='lat' dir='ltr'>litteras</span> <span class='ocrx_word' id='word_1_133' title='bbox 1451 1855 1490 1929; x_wconf 95' lang='lat' dir='ltr'>in</span> <span class='ocrx_word' id='word_1_134' title='bbox 1516 1842 1638 1935; x_wconf 80' lang='lat' dir='ltr'>formu</span> <span class='ocrx_word' id='word_1_135' title='bbox 1663 1851 1754 1933; x_wconf 85' lang='lat' dir='ltr'>Bre-</span> 
     </span>
     <span class='ocr_line' id='line_1_16' title="bbox 217 1950 1750 2049; baseline 0.001 -18"><span class='ocrx_word' id='word_1_136' title='bbox 217 1956 288 2049; x_wconf 84' lang='lat' dir='ltr'>vis,</span> <span class='ocrx_word' id='word_1_137' title='bbox 306 1980 396 2031; x_wconf 81' lang='lat' dir='ltr'>eum</span> <span class='ocrx_word' id='word_1_138' title='bbox 422 1977 544 2031; x_wconf 85' lang='lat' dir='ltr'>tamen</span> <span class='ocrx_word' id='word_1_139' title='bbox 568 1957 640 2030; x_wconf 88' lang='lat' dir='ltr'>alia</span> <span class='ocrx_word' id='word_1_140' title='bbox 664 1950 830 2031; x_wconf 82' lang='lat' dir='ltr'>Concilio</span> <span class='ocrx_word' id='word_1_141' title='bbox 855 1954 1093 2030; x_wconf 86' lang='lat' dir='ltr'>Provincialia</span> <span class='ocrx_word' id='word_1_142' title='bbox 1116 1978 1192 2030; x_wconf 90' lang='lat' dir='ltr'>non</span> <span class='ocrx_word' id='word_1_143' title='bbox 1216 1953 1495 2044; x_wconf 83' lang='lat' dir='ltr'>confirmentur3</span> <span class='ocrx_word' id='word_1_144' title='bbox 1518 1953 1580 2031; x_wconf 90' lang='lat' dir='ltr'>sed</span> <span class='ocrx_word' id='word_1_145' title='bbox 1606 1975 1750 2033; x_wconf 87' lang='lat' dir='ltr'>tantum</span> 
     </span>
     <span class='ocr_line' id='line_1_17' title="bbox 215 2048 1748 2157; baseline -0.001 -22"><span class='ocrx_word' id='word_1_146' title='bbox 215 2057 335 2157; x_wconf 85' lang='lat' dir='ltr'>modo.</span> <span class='ocrx_word' id='word_1_147' title='bbox 354 2055 981 2156; x_wconf 79' lang='lat' dir='ltr'>recognoscanttrr&amp;emendentur·a</span> <span class='ocrx_word' id='word_1_148' title='bbox 1005 2053 1342 2155; x_wconf 85' lang='lat' dir='ltr'>S.Congregatione</span> <span class='ocrx_word' id='word_1_149' title='bbox 1358 2048 1515 2134; x_wconf 91' lang='lat' dir='ltr'>Concilii</span> <span class='ocrx_word' id='word_1_150' title='bbox 1542 2056 1640 2156; x_wconf 78' lang='lat' dir='ltr'>iuxta</span> <span class='ocrx_word' id='word_1_151' title='bbox 1661 2082 1748 2157; x_wconf 80' lang='lat' dir='ltr'>prae-</span> 
     </span>
     <span class='ocr_line' id='line_1_18' title="bbox 216 2152 1747 2259; baseline 0 -24"><span class='ocrx_word' id='word_1_152' title='bbox 216 2156 683 2257; x_wconf 71' lang='lat' dir='ltr'>scriptumconsti&#39;rutionir.</span> <span class='ocrx_word' id='word_1_153' title='bbox 696 2159 787 2234; x_wconf 82' lang='lat' dir='ltr'>Sixti</span> <span class='ocrx_word' id='word_1_154' title='bbox 814 2160 858 2235; x_wconf 87' lang='lat' dir='ltr'>V.</span> <span class='ocrx_word' id='word_1_155' title='bbox 886 2156 986 2256; x_wconf 89' lang='lat' dir='ltr'>super</span> <span class='ocrx_word' id='word_1_156' title='bbox 1008 2154 1229 2259; x_wconf 83' lang='lat' dir='ltr'>institutione</span> <span class='ocrx_word' id='word_1_157' title='bbox 1252 2152 1407 2259; x_wconf 79' lang='lat' dir='ltr'>eiusdem</span> <span class='ocrx_word' id='word_1_158' title='bbox 1443 2161 1747 2257; x_wconf 74' lang='lat' dir='ltr'>congregationis.</span> 
     </span>
     <span class='ocr_line' id='line_1_19' title="bbox 219 2253 1749 2361; baseline 0.003 -25"><span class='ocrx_word' id='word_1_159' title='bbox 219 2253 304 2337; x_wconf 82' lang='lat' dir='ltr'>Imb</span> <span class='ocrx_word' id='word_1_160' title='bbox 327 2267 365 2339; x_wconf 73' lang='grc' dir='ltr'>ὃ(</span> <span class='ocrx_word' id='word_1_161' title='bbox 388 2260 713 2338; x_wconf 86' lang='lat' dir='ltr'>Mediolanensrum</span> <span class='ocrx_word' id='word_1_162' title='bbox 736 2258 983 2338; x_wconf 89' lang='lat' dir='ltr'>Conciliorum</span> <span class='ocrx_word' id='word_1_163' title='bbox 1020 2262 1181 2358; x_wconf 85' lang='lat' dir='ltr'>exceptio</span> <span class='ocrx_word' id='word_1_164' title='bbox 1205 2254 1354 2339; x_wconf 85' lang='lat' dir='ltr'>limitari</span> <span class='ocrx_word' id='word_1_165' title='bbox 1379 2262 1518 2339; x_wconf 80' lang='lat' dir='ltr'>videtur</span> <span class='ocrx_word' id='word_1_166' title='bbox 1554 2262 1601 2337; x_wconf 79' lang='lat' dir='ltr'>ed</span> <span class='ocrx_word' id='word_1_167' title='bbox 1629 2254 1749 2361; x_wconf 71' lang='lat' dir='ltr'>Qun,</span> 
     </span>
     <span class='ocr_line' id='line_1_20' title="bbox 217 2358 1752 2462; baseline 0.001 -23"><span class='ocrx_word' id='word_1_168' title='bbox 217 2384 297 2439; x_wconf 87' lang='lat' dir='ltr'>tum</span> <span class='ocrx_word' id='word_1_169' title='bbox 321 2368 358 2441; x_wconf 82' lang='lat' dir='ltr'>dt</span> <span class='ocrx_word' id='word_1_170' title='bbox 376 2360 566 2461; x_wconf 75' lang='lat' dir='ltr'>Quintum·</span> <span class='ocrx_word' id='word_1_171' title='bbox 585 2388 630 2440; x_wconf 85' lang='lat' dir='ltr'>ex</span> <span class='ocrx_word' id='word_1_172' title='bbox 664 2366 817 2462; x_wconf 70' lang='lat' dir='ltr'>linquae</span> <span class='ocrx_word' id='word_1_173' title='bbox 840 2361 1179 2439; x_wconf 72' lang='lat' dir='ltr'>habet‘Benedielus</span> <span class='ocrx_word' id='word_1_174' title='bbox 1201 2362 1310 2445; x_wconf 80' lang='lat' dir='ltr'>XIV.</span> <span class='ocrx_word' id='word_1_175' title='bbox 1341 2367 1409 2454; x_wconf 85' lang='lat' dir='ltr'>(e)</span> <span class='ocrx_word' id='word_1_176' title='bbox 1432 2358 1605 2445; x_wconf 68' lang='lat' dir='ltr'>scribente</span> <span class='ocrx_word' id='word_1_177' title='bbox 1641 2364 1752 2441; x_wconf 68' lang='lat' dir='ltr'>Horu</span> 
     </span>
     <span class='ocr_line' id='line_1_21' title="bbox 215 2461 1747 2567; baseline 0.001 -25"><span class='ocrx_word' id='word_1_178' title='bbox 215 2484 301 2567; x_wconf 80' lang='lat' dir='ltr'>uero</span> <span class='ocrx_word' id='word_1_179' title='bbox 325 2465 480 2542; x_wconf 86' lang='lat' dir='ltr'>etsr....</span> <span class='ocrx_word' id='word_1_180' title='bbox 506 2465 582 2543; x_wconf 89' lang='lat' dir='ltr'>sola</span> <span class='ocrx_word' id='word_1_181' title='bbox 607 2467 809 2542; x_wconf 86' lang='lat' dir='ltr'>condantur</span> <span class='ocrx_word' id='word_1_182' title='bbox 834 2466 906 2555; x_wconf 89' lang='lat' dir='ltr'>(in</span> <span class='ocrx_word' id='word_1_183' title='bbox 926 2461 1099 2546; x_wconf 85' lang='lat' dir='ltr'>Conciliis</span> <span class='ocrx_word' id='word_1_184' title='bbox 1124 2462 1399 2543; x_wconf 81' lang='lat' dir='ltr'>Prouincialibus</span> <span class='ocrx_word' id='word_1_185' title='bbox 1421 2472 1438 2557; x_wconf 89' lang='lat'>)</span> <span class='ocrx_word' id='word_1_186' title='bbox 1461 2467 1606 2543; x_wconf 86' lang='lat' dir='ltr'>decreta</span> <span class='ocrx_word' id='word_1_187' title='bbox 1641 2462 1747 2545; x_wconf 81' lang='lat' dir='ltr'>disci·</span> 
     </span>
     <span class='ocr_line' id='line_1_22' title="bbox 213 2565 1747 2667; baseline 0.003 -25"><span class='ocrx_word' id='word_1_188' title='bbox 213 2570 350 2667; x_wconf 85' lang='lat' dir='ltr'>plinam</span> <span class='ocrx_word' id='word_1_189' title='bbox 377 2565 664 2667; x_wconf 78' lang='lat' dir='ltr'>respicientia...</span> <span class='ocrx_word' id='word_1_190' title='bbox 691 2565 885 2645; x_wconf 77' lang='lat' dir='ltr'>transmitti</span> <span class='ocrx_word' id='word_1_191' title='bbox 909 2565 1000 2656; x_wconf 80' lang='lat' dir='ltr'>jussu</span> <span class='ocrx_word' id='word_1_192' title='bbox 1023 2565 1143 2641; x_wconf 84' lang='lat' dir='ltr'>Sixrus</span> <span class='ocrx_word' id='word_1_193' title='bbox 1156 2566 1200 2641; x_wconf 87' lang='lat' dir='ltr'>V.</span> <span class='ocrx_word' id='word_1_194' title='bbox 1229 2568 1275 2653; x_wconf 87' lang='lat' dir='ltr'>ad</span> <span class='ocrx_word' id='word_1_195' title='bbox 1298 2565 1631 2666; x_wconf 71' lang='lat' dir='ltr'>congregationem</span> <span class='ocrx_word' id='word_1_196' title='bbox 1648 2567 1747 2647; x_wconf 89' lang='lat' dir='ltr'>Con-</span> 
     </span>
     <span class='ocr_line' id='line_1_23' title="bbox 192 2664 1749 2769; baseline 0.004 -26"><span class='ocrx_word' id='word_1_197' title='bbox 192 2668 311 2763; x_wconf 79' lang='lat' dir='ltr'>&#39;cilii,</span> <span class='ocrx_word' id='word_1_198' title='bbox 336 2696 411 2745; x_wconf 91' lang='lat' dir='ltr'>non</span> <span class='ocrx_word' id='word_1_199' title='bbox 438 2690 478 2746; x_wconf 90' lang='lat' dir='ltr'>ut</span> <span class='ocrx_word' id='word_1_200' title='bbox 503 2668 626 2769; x_wconf 84' lang='lat' dir='ltr'>postea</span> <span class='ocrx_word' id='word_1_201' title='bbox 648 2665 958 2747; x_wconf 85' lang='lat' dir='ltr'>confirmationem</span> <span class='ocrx_word' id='word_1_202' title='bbox 982 2686 1163 2764; x_wconf 90' lang='lat' dir='ltr'>reportent</span> <span class='ocrx_word' id='word_1_203' title='bbox 1188 2669 1209 2742; x_wconf 76' lang='lat' dir='ltr'>d</span> <span class='ocrx_word' id='word_1_204' title='bbox 1234 2668 1325 2747; x_wconf 88' lang='lat' dir='ltr'>Sede</span> <span class='ocrx_word' id='word_1_205' title='bbox 1351 2664 1584 2768; x_wconf 62' lang='lat' dir='ltr'>mustolia,</span> <span class='ocrx_word' id='word_1_206' title='bbox 1616 2671 1680 2747; x_wconf 89' lang='lat' dir='ltr'>sed</span> <span class='ocrx_word' id='word_1_207' title='bbox 1706 2688 1749 2749; x_wconf 90' lang='lat' dir='ltr'>ut</span> 
     </span>
     <span class='ocr_line' id='line_1_24' title="bbox 213 2769 1751 2872; baseline 0.003 -26"><span class='ocrx_word' id='word_1_208' title='bbox 213 2774 508 2872; x_wconf 84' lang='lat' dir='ltr'>corrigantur...</span> <span class='ocrx_word' id='word_1_209' title='bbox 534 2772 620 2850; x_wconf 87' lang='lat' dir='ltr'>Non</span> <span class='ocrx_word' id='word_1_210' title='bbox 636 2769 750 2849; x_wconf 85' lang='lat' dir='ltr'>¹semel</span> <span class='ocrx_word' id='word_1_211' title='bbox 778 2788 963 2849; x_wconf 88' lang='lat' dir='ltr'>tamen...</span> <span class='ocrx_word' id='word_1_212' title='bbox 990 2769 1142 2861; x_wconf 86' lang='lat' dir='ltr'>accidit,</span> <span class='ocrx_word' id='word_1_213' title='bbox 1179 2772 1409 2868; x_wconf 86' lang='lat' dir='ltr'>provincialia</span> <span class='ocrx_word' id='word_1_214' title='bbox 1445 2773 1666 2851; x_wconf 81' lang='lat' dir='ltr'>eoncilia...</span> <span class='ocrx_word' id='word_1_215' title='bbox 1693 2794 1751 2851; x_wconf 87' lang='lat' dir='ltr'>et·</span> 
     </span>
     <span class='ocr_line' id='line_1_25' title="bbox 211 2862 1754 2975; baseline 0 -25"><span class='ocrx_word' id='word_1_216' title='bbox 211 2876 287 2950; x_wconf 88' lang='lat' dir='ltr'>iam</span> <span class='ocrx_word' id='word_1_217' title='bbox 314 2877 334 2949; x_wconf 74' lang='lat' dir='ltr'>l</span> <span class='ocrx_word' id='word_1_218' title='bbox 358 2877 447 2951; x_wconf 85' lang='lat' dir='ltr'>Sede</span> <span class='ocrx_word' id='word_1_219' title='bbox 473 2874 674 2973; x_wconf 81' lang='lat' dir='ltr'>Apostolica</span> <span class='ocrx_word' id='word_1_220' title='bbox 702 2873 752 2949; x_wconf 90' lang='lat' dir='ltr'>ita</span> <span class='ocrx_word' id='word_1_221' title='bbox 779 2872 976 2973; x_wconf 80' lang='lat' dir='ltr'>petentibus</span> <span class='ocrx_word' id='word_1_222' title='bbox 1010 2870 1325 2969; x_wconf 87' lang='lat' dir='ltr'>Metropolitanis,</span> <span class='ocrx_word' id='word_1_223' title='bbox 1364 2894 1425 2972; x_wconf 86' lang='lat' dir='ltr'>pet</span> <span class='ocrx_word' id='word_1_224' title='bbox 1449 2862 1653 2975; x_wconf 83' lang='lat' dir='ltr'>apostolicae</span> <span class='ocrx_word' id='word_1_225' title='bbox 1676 2876 1754 2957; x_wconf 64' lang='lat' dir='ltr'>lin,</span> 
     </span>
     <span class='ocr_line' id='line_1_26' title="bbox 214 2968 1750 3079; baseline -0.001 -26"><span class='ocrx_word' id='word_1_226' title='bbox 214 3000 308 3061; x_wconf 81' lang='lat' dir='ltr'>teras</span> <span class='ocrx_word' id='word_1_227' title='bbox 328 2975 545 3079; x_wconf 75' lang='lat' dir='ltr'>jconfirmari</span> <span class='ocrx_word' id='word_1_228' title='bbox 558 3026 583 3053; x_wconf 69' lang='lat' dir='ltr'>v..</span> <span class='ocrx_word' id='word_1_229' title='bbox 609 2968 808 3074; x_wconf 82' lang='lat' dir='ltr'>Gregorius</span> <span class='ocrx_word' id='word_1_230' title='bbox 824 2972 938 3055; x_wconf 87' lang='lat' dir='ltr'>·-X111.</span> <span class='ocrx_word' id='word_1_231' title='bbox 974 2970 1179 3073; x_wconf 83' lang='lat' dir='ltr'>approbavit</span> <span class='ocrx_word' id='word_1_232' title='bbox 1204 2971 1384 3071; x_wconf 77' lang='lat' dir='ltr'>Quartum</span> <span class='ocrx_word' id='word_1_233' title='bbox 1418 2982 1454 3055; x_wconf 81' lang='lat' dir='ltr'>dt</span> <span class='ocrx_word' id='word_1_234' title='bbox 1482 2972 1660 3073; x_wconf 77' lang='lat' dir='ltr'>Quintum</span> <span class='ocrx_word' id='word_1_235' title='bbox 1700 2990 1750 3053; x_wconf 75' lang='lat' dir='ltr'>ex</span> 
     </span>
     <span class='ocr_line' id='line_1_27' title="bbox 209 3071 1752 3178; baseline -0.002 -24"><span class='ocrx_word' id='word_1_236' title='bbox 209 3076 513 3167; x_wconf 77' lang='lat' dir='ltr'>Mediolanenfi&#39;dns.</span> <span class='ocrx_word' id='word_1_237' title='bbox 539 3081 611 3156; x_wconf 87' lang='lat' dir='ltr'>Sed</span> <span class='ocrx_word' id='word_1_238' title='bbox 632 3104 750 3178; x_wconf 81' lang='lat' dir='ltr'>neque</span> <span class='ocrx_word' id='word_1_239' title='bbox 774 3077 843 3153; x_wconf 88' lang='lat' dir='ltr'>hac</span> <span class='ocrx_word' id='word_1_240' title='bbox 867 3078 1092 3177; x_wconf 87' lang='lat' dir='ltr'>quantumvis</span> <span class='ocrx_word' id='word_1_241' title='bbox 1115 3071 1258 3174; x_wconf 89' lang='lat' dir='ltr'>speciali</span> <span class='ocrx_word' id='word_1_242' title='bbox 1282 3074 1606 3157; x_wconf 86' lang='lat' dir='ltr'>Mediolanensrurn</span> <span class='ocrx_word' id='word_1_243' title='bbox 1640 3074 1752 3152; x_wconf 81' lang='lat' dir='ltr'>Con-¹</span> 
     </span>
     <span class='ocr_line' id='line_1_28' title="bbox 209 3174 1739 3280; baseline 0.002 -26"><span class='ocrx_word' id='word_1_244' title='bbox 209 3183 375 3257; x_wconf 86' lang='lat' dir='ltr'>ciliorum</span> <span class='ocrx_word' id='word_1_245' title='bbox 402 3183 653 3279; x_wconf 80' lang='lat' dir='ltr'>approbatione</span> <span class='ocrx_word' id='word_1_246' title='bbox 676 3181 912 3259; x_wconf 75' lang='lat' dir='ltr'>extrahuntur</span> <span class='ocrx_word' id='word_1_247' title='bbox 936 3177 1069 3259; x_wconf 83' lang='lat' dir='ltr'>statute</span> <span class='ocrx_word' id='word_1_248' title='bbox 1094 3199 1134 3255; x_wconf 93' lang='lat' dir='ltr'>ut</span> <span class='ocrx_word' id='word_1_249' title='bbox 1159 3178 1243 3255; x_wconf 83' lang='lat' dir='ltr'>alibi</span> <span class='ocrx_word' id='word_1_250' title='bbox 1268 3179 1426 3279; x_wconf 89' lang='lat' dir='ltr'>obligent</span> <span class='ocrx_word' id='word_1_251' title='bbox 1451 3206 1560 3280; x_wconf 88' lang='lat' dir='ltr'>quam</span> <span class='ocrx_word' id='word_1_252' title='bbox 1584 3174 1624 3255; x_wconf 87' lang='lat' dir='ltr'>in</span> <span class='ocrx_word' id='word_1_253' title='bbox 1649 3176 1739 3257; x_wconf 80' lang='lat' dir='ltr'>tocie</span> 
     </span>
     <span class='ocr_line' id='line_1_29' title="bbox 209 3277 1509 3383; baseline 0 -26"><span class='ocrx_word' id='word_1_254' title='bbox 209 3301 274 3382; x_wconf 82' lang='lat' dir='ltr'>¹pro</span> <span class='ocrx_word' id='word_1_255' title='bbox 300 3286 421 3383; x_wconf 86' lang='lat' dir='ltr'>quibus</span> <span class='ocrx_word' id='word_1_256' title='bbox 446 3282 537 3360; x_wconf 71' lang='lat' dir='ltr'>satta</span> <span class='ocrx_word' id='word_1_257' title='bbox 561 3277 664 3360; x_wconf 81' lang='lat' dir='ltr'>sunt.</span> <span class='ocrx_word' id='word_1_258' title='bbox 1021 3375 1024 3381; x_wconf 69' lang='lat'><em>,</em></span> <span class='ocrx_word' id='word_1_259' title='bbox 1422 3376 1424 3381; x_wconf 22' lang='grc' dir='ltr'>Ι</span> <span class='ocrx_word' id='word_1_260' title='bbox 1499 3332 1509 3357; x_wconf 87' lang='lat'>.</span> 
     </span>
    </p>

    <p class='ocr_par' dir='ltr' id='par_1_5' title="bbox 195 3376 1792 4507">
     <span class='ocr_line' id='line_1_30' title="bbox 310 3376 1792 3484; baseline -0.004 -21"><span class='ocrx_word' id='word_1_261' title='bbox 310 3387 435 3484; x_wconf 76' lang='lat' dir='ltr'>Neque</span> <span class='ocrx_word' id='word_1_262' title='bbox 462 3387 558 3463; x_wconf 88' lang='lat' dir='ltr'>aliud</span> <span class='ocrx_word' id='word_1_263' title='bbox 585 3388 737 3462; x_wconf 87' lang='lat' dir='ltr'>intendit</span> <span class='ocrx_word' id='word_1_264' title='bbox 763 3384 820 3461; x_wconf 91' lang='lat' dir='ltr'>Ill.</span> <span class='ocrx_word' id='word_1_265' title='bbox 847 3386 898 3462; x_wconf 91' lang='lat' dir='ltr'>D.</span> <span class='ocrx_word' id='word_1_266' title='bbox 924 3376 1165 3463; x_wconf 84' lang='lat' dir='ltr'>Ferdinandus</span> <span class='ocrx_word' id='word_1_267' title='bbox 1191 3385 1236 3460; x_wconf 91' lang='lat' dir='ltr'>de</span> <span class='ocrx_word' id='word_1_268' title='bbox 1260 3384 1625 3463; x_wconf 76' lang='lat' dir='ltr'>TrexoTucumanioe</span> <span class='ocrx_word' id='word_1_269' title='bbox 1646 3382 1736 3459; x_wconf 63' lang='lat' dir='ltr'>Pro*</span> <span class='ocrx_word' id='word_1_270' title='bbox 1770 3434 1792 3457; x_wconf 89' lang='grc'>..</span> 
     </span>
     <span class='ocr_line' id='line_1_31' title="bbox 208 3485 1792 3585; baseline 0.002 -26"><span class='ocrx_word' id='word_1_271' title='bbox 208 3485 261 3561; x_wconf 81' lang='lat' dir='ltr'>lul</span> <span class='ocrx_word' id='word_1_272' title='bbox 286 3486 324 3563; x_wconf 89' lang='lat' dir='ltr'>iu</span> <span class='ocrx_word' id='word_1_273' title='bbox 349 3486 586 3581; x_wconf 76' lang='lat' dir='ltr'>synodalibus</span> <span class='ocrx_word' id='word_1_274' title='bbox 610 3490 696 3563; x_wconf 89' lang='lat' dir='ltr'>anni</span> <span class='ocrx_word' id='word_1_275' title='bbox 711 3494 820 3564; x_wconf 79' lang='lat'>1606.</span> <span class='ocrx_word' id='word_1_276' title='bbox 847 3487 917 3581; x_wconf 75' lang='lat' dir='ltr'>(f)</span> <span class='ocrx_word' id='word_1_277' title='bbox 944 3488 1032 3563; x_wconf 89' lang='lat' dir='ltr'>dum</span> <span class='ocrx_word' id='word_1_278' title='bbox 1059 3490 1128 3562; x_wconf 85' lang='lat' dir='ltr'>ait:</span> <span class='ocrx_word' id='word_1_279' title='bbox 1154 3495 1218 3561; x_wconf 85' lang='lat' dir='ltr'>Per</span> <span class='ocrx_word' id='word_1_280' title='bbox 1239 3491 1517 3578; x_wconf 70' lang='lat' dir='ltr'>confirmationem</span> <span class='ocrx_word' id='word_1_281' title='bbox 1532 3488 1792 3585; x_wconf 58' lang='lat' dir='ltr'>pontificiam</span> 
     </span>
     <span class='ocr_line' id='line_1_32' title="bbox 201 3582 1792 3686; baseline 0 -23"><span class='ocrx_word' id='word_1_282' title='bbox 201 3586 333 3675; x_wconf 63' lang='lat' dir='ltr'>statuta</span> <span class='ocrx_word' id='word_1_283' title='bbox 357 3592 484 3664; x_wconf 76' lang='lat' dir='ltr'>dmm</span> <span class='ocrx_word' id='word_1_284' title='bbox 509 3589 666 3681; x_wconf 83' lang='lat' dir='ltr'>deveniffe</span> <span class='ocrx_word' id='word_1_285' title='bbox 683 3615 823 3663; x_wconf 84' lang='lat' dir='ltr'>canones</span> <span class='ocrx_word' id='word_1_286' title='bbox 841 3588 977 3682; x_wconf 77' lang='lat' dir='ltr'>sacros.</span> <span class='ocrx_word' id='word_1_287' title='bbox 1012 3588 1138 3686; x_wconf 87' lang='lat' dir='ltr'>Neque</span> <span class='ocrx_word' id='word_1_288' title='bbox 1162 3591 1262 3665; x_wconf 88' lang='lat' dir='ltr'>enim</span> <span class='ocrx_word' id='word_1_289' title='bbox 1287 3591 1399 3684; x_wconf 75' lang='lat' dir='ltr'>dicit,</span> <span class='ocrx_word' id='word_1_290' title='bbox 1434 3582 1607 3665; x_wconf 82' lang='lat' dir='ltr'>devenisse</span> <span class='ocrx_word' id='word_1_291' title='bbox 1632 3604 1792 3679; x_wconf 70' lang='lat' dir='ltr'>cano-q</span> 
     </span>
     <span class='ocr_line' id='line_1_33' title="bbox 202 3686 1792 3791; baseline 0 -24"><span class='ocrx_word' id='word_1_292' title='bbox 202 3710 265 3767; x_wconf 82' lang='lat' dir='ltr'>nee</span> <span class='ocrx_word' id='word_1_293' title='bbox 280 3690 715 3791; x_wconf 64' lang='lat' dir='ltr'>*universales‚.quamvis</span> <span class='ocrx_word' id='word_1_294' title='bbox 739 3686 904 3789; x_wconf 84' lang='lat' dir='ltr'>alioquin</span> <span class='ocrx_word' id='word_1_295' title='bbox 932 3710 1072 3767; x_wconf 87' lang='lat' dir='ltr'>nomen</span> <span class='ocrx_word' id='word_1_296' title='bbox 1097 3714 1229 3765; x_wconf 81' lang='lat' dir='ltr'>canones</span> <span class='ocrx_word' id='word_1_297' title='bbox 1254 3691 1367 3768; x_wconf 71' lang='lat' dir='ltr'>stride</span> <span class='ocrx_word' id='word_1_298' title='bbox 1398 3691 1580 3791; x_wconf 87' lang='lat' dir='ltr'>sumptum</span> <span class='ocrx_word' id='word_1_299' title='bbox 1615 3688 1792 3781; x_wconf 59' lang='lat' dir='ltr'>cescum</span> 
     </span>
     <span class='ocr_line' id='line_1_34' title="bbox 204 3782 1792 3894; baseline 0 -26"><span class='ocrx_word' id='word_1_300' title='bbox 204 3792 317 3870; x_wconf 86' lang='lat' dir='ltr'>soleat</span> <span class='ocrx_word' id='word_1_301' title='bbox 342 3794 388 3871; x_wconf 89' lang='lat' dir='ltr'>ad</span> <span class='ocrx_word' id='word_1_302' title='bbox 412 3798 549 3894; x_wconf 83' lang='lat' dir='ltr'>regulas</span> <span class='ocrx_word' id='word_1_303' title='bbox 563 3810 779 3871; x_wconf 78' lang='lat' dir='ltr'>comumnes</span> <span class='ocrx_word' id='word_1_304' title='bbox 803 3790 887 3867; x_wconf 87' lang='lat' dir='ltr'>fidei</span> <span class='ocrx_word' id='word_1_305' title='bbox 897 3794 967 3867; x_wconf 82' lang='lat' dir='ltr'>:vel</span> <span class='ocrx_word' id='word_1_306' title='bbox 992 3788 1189 3891; x_wconf 76' lang='lat' dir='ltr'>religionis.</span> <span class='ocrx_word' id='word_1_307' title='bbox 1217 3792 1262 3868; x_wconf 92' lang='lat' dir='ltr'>In</span> <span class='ocrx_word' id='word_1_308' title='bbox 1287 3796 1364 3891; x_wconf 90' lang='lat' dir='ltr'>lege</span> <span class='ocrx_word' id='word_1_309' title='bbox 1391 3793 1475 3871; x_wconf 81' lang='lat' dir='ltr'>verb</span> <span class='ocrx_word' id='word_1_310' title='bbox 1499 3794 1612 3871; x_wconf 88' lang='lat' dir='ltr'>citata</span> <span class='ocrx_word' id='word_1_311' title='bbox 1626 3887 1630 3894; x_wconf 19' lang='grc' dir='ltr'>ι</span> <span class='ocrx_word' id='word_1_312' title='bbox 1645 3782 1792 3889; x_wconf 61' lang='lat' dir='ltr'>Jutii</span> 
     </span>
     <span class='ocr_line' id='line_1_35' title="bbox 205 3888 1779 3989; baseline 0.001 -20"><span class='ocrx_word' id='word_1_313' title='bbox 205 3888 321 3972; x_wconf 83' lang='lat' dir='ltr'>indici</span> <span class='ocrx_word' id='word_1_314' title='bbox 348 3898 518 3989; x_wconf 81' lang='lat' dir='ltr'>habetur,</span> <span class='ocrx_word' id='word_1_315' title='bbox 546 3901 582 3975; x_wconf 73' lang='grc' dir='ltr'><strong>ἃ</strong></span> <span class='ocrx_word' id='word_1_316' title='bbox 606 3894 674 3972; x_wconf 80' lang='lat' dir='ltr'>else</span> <span class='ocrx_word' id='word_1_317' title='bbox 699 3890 951 3972; x_wconf 87' lang='lat' dir='ltr'>confirmatum</span> <span class='ocrx_word' id='word_1_318' title='bbox 978 3893 1183 3971; x_wconf 83' lang='lat' dir='ltr'>Concilium</span> <span class='ocrx_word' id='word_1_319' title='bbox 1209 3894 1427 3989; x_wconf 77' lang='lat' dir='ltr'>Limonum,</span> <span class='ocrx_word' id='word_1_320' title='bbox 1453 3902 1489 3973; x_wconf 76' lang='grc' dir='ltr'>ὅ(</span> <span class='ocrx_word' id='word_1_321' title='bbox 1525 3892 1779 3979; x_wconf 61' lang='lat' dir='ltr'>Pontificem</span> 
     </span>
     <span class='ocr_line' id='line_1_36' title="bbox 203 3990 1792 4099; baseline 0.001 -28"><span class='ocrx_word' id='word_1_322' title='bbox 203 4020 376 4096; x_wconf 81' lang='lat' dir='ltr'>praecepto</span> <span class='ocrx_word' id='word_1_323' title='bbox 403 3994 561 4075; x_wconf 84' lang='lat' dir='ltr'>indixisse</span> <span class='ocrx_word' id='word_1_324' title='bbox 585 3998 853 4099; x_wconf 82' lang='lat' dir='ltr'>executionem.</span> <span class='ocrx_word' id='word_1_325' title='bbox 880 3990 989 4095; x_wconf 70' lang='lat' dir='ltr'>Quod</span> <span class='ocrx_word' id='word_1_326' title='bbox 1014 3996 1103 4073; x_wconf 72' lang='lat' dir='ltr'>reue</span> <span class='ocrx_word' id='word_1_327' title='bbox 1128 3997 1258 4090; x_wconf 79' lang='lat' dir='ltr'>lrrbet,</span> <span class='ocrx_word' id='word_1_328' title='bbox 1284 4000 1371 4097; x_wconf 90' lang='lat' dir='ltr'>quin</span> <span class='ocrx_word' id='word_1_329' title='bbox 1397 4019 1581 4098; x_wconf 88' lang='lat' dir='ltr'>propterea</span> <span class='ocrx_word' id='word_1_330' title='bbox 1607 3998 1792 4097; x_wconf 59' lang='lat' dir='ltr'>ubiqtu</span> 
     </span>
     <span class='ocr_line' id='line_1_37' title="bbox 205 4098 1792 4201; baseline 0.004 -28"><span class='ocrx_word' id='word_1_331' title='bbox 205 4100 537 4194; x_wconf 80' lang='lat' dir='ltr'>terrarumstatuta</span> <span class='ocrx_word' id='word_1_332' title='bbox 573 4102 772 4177; x_wconf 85' lang='lat' dir='ltr'>executioni</span> <span class='ocrx_word' id='word_1_333' title='bbox 807 4122 851 4175; x_wconf 87' lang='lat' dir='ltr'>ex</span> <span class='ocrx_word' id='word_1_334' title='bbox 876 4118 1050 4198; x_wconf 75' lang='lat' dir='ltr'>praecepto</span> <span class='ocrx_word' id='word_1_335' title='bbox 1075 4101 1239 4175; x_wconf 85' lang='lat' dir='ltr'>mandari</span> <span class='ocrx_word' id='word_1_336' title='bbox 1265 4100 1438 4178; x_wconf 87' lang='lat' dir='ltr'>debeant.</span> <span class='ocrx_word' id='word_1_337' title='bbox 1473 4098 1588 4198; x_wconf 84' lang='lat' dir='ltr'>quue</span> <span class='ocrx_word' id='word_1_338' title='bbox 1624 4124 1792 4201; x_wconf 51' lang='lat' dir='ltr'>nupt-p</span> 
     </span>
     <span class='ocr_line' id='line_1_38' title="bbox 202 4198 1791 4301; baseline 0.003 -29"><span class='ocrx_word' id='word_1_339' title='bbox 202 4200 315 4273; x_wconf 87' lang='lat' dir='ltr'>mitur</span> <span class='ocrx_word' id='word_1_340' title='bbox 339 4201 378 4273; x_wconf 90' lang='lat' dir='ltr'>in</span> <span class='ocrx_word' id='word_1_341' title='bbox 401 4206 464 4277; x_wconf 85' lang='lat' dir='ltr'>cit.</span> <span class='ocrx_word' id='word_1_342' title='bbox 492 4198 604 4296; x_wconf 81' lang='lat' dir='ltr'>Regia</span> <span class='ocrx_word' id='word_1_343' title='bbox 628 4200 840 4295; x_wconf 61' lang='lat' dir='ltr'>Sollentia,</span> <span class='ocrx_word' id='word_1_344' title='bbox 877 4202 970 4278; x_wconf 88' lang='lat' dir='ltr'>unde</span> <span class='ocrx_word' id='word_1_345' title='bbox 996 4201 1052 4277; x_wconf 82' lang='lat' dir='ltr'>lex</span> <span class='ocrx_word' id='word_1_346' title='bbox 1076 4201 1261 4299; x_wconf 82' lang='lat' dir='ltr'>desumpta</span> <span class='ocrx_word' id='word_1_347' title='bbox 1284 4203 1357 4294; x_wconf 80' lang='lat' dir='ltr'>cll,</span> <span class='ocrx_word' id='word_1_348' title='bbox 1394 4226 1453 4301; x_wconf 91' lang='lat' dir='ltr'>per</span> <span class='ocrx_word' id='word_1_349' title='bbox 1478 4201 1554 4279; x_wconf 81' lang='lat' dir='ltr'>haec</span> <span class='ocrx_word' id='word_1_350' title='bbox 1590 4202 1791 4293; x_wconf 47' lang='lat' dir='ltr'>verbm,</span> 
     </span>
     <span class='ocr_line' id='line_1_39' title="bbox 204 4296 1792 4405; baseline 0.006 -32"><span class='ocrx_word' id='word_1_351' title='bbox 204 4301 356 4397; x_wconf 75' lang='lat' dir='ltr'>Enca‘rgo</span> <span class='ocrx_word' id='word_1_352' title='bbox 381 4303 416 4377; x_wconf 87' lang='lat' dir='ltr'>al</span> <span class='ocrx_word' id='word_1_353' title='bbox 441 4301 495 4377; x_wconf 82' lang='lat' dir='ltr'>M.</span> <span class='ocrx_word' id='word_1_354' title='bbox 523 4296 570 4376; x_wconf 79' lang='lat' dir='ltr'>R.</span> <span class='ocrx_word' id='word_1_355' title='bbox 597 4300 637 4377; x_wconf 90' lang='lat' dir='ltr'>P.</span> <span class='ocrx_word' id='word_1_356' title='bbox 666 4302 858 4402; x_wconf 71' lang='lat' dir='ltr'>Arzolvispo</span> <span class='ocrx_word' id='word_1_357' title='bbox 882 4304 927 4396; x_wconf 88' lang='lat' dir='ltr'>de</span> <span class='ocrx_word' id='word_1_358' title='bbox 953 4305 989 4379; x_wconf 87' lang='lat' dir='ltr'>la</span> <span class='ocrx_word' id='word_1_359' title='bbox 1013 4302 1157 4379; x_wconf 87' lang='lat' dir='ltr'>Ciudad</span> <span class='ocrx_word' id='word_1_360' title='bbox 1181 4306 1228 4379; x_wconf 90' lang='lat' dir='ltr'>de</span> <span class='ocrx_word' id='word_1_361' title='bbox 1253 4307 1307 4381; x_wconf 89' lang='lat' dir='ltr'>los</span> <span class='ocrx_word' id='word_1_362' title='bbox 1332 4306 1459 4396; x_wconf 79' lang='lat' dir='ltr'>Reice,</span> <span class='ocrx_word' id='word_1_363' title='bbox 1485 4306 1550 4400; x_wconf 68' lang='grc' dir='ltr'>γὲ</span> <span class='ocrx_word' id='word_1_364' title='bbox 1576 4304 1633 4381; x_wconf 88' lang='lat' dir='ltr'>los</span> <span class='ocrx_word' id='word_1_365' title='bbox 1651 4306 1792 4405; x_wconf 57' lang='grc' dir='ltr'>Η,</span> 
     </span>
     <span class='ocr_line' id='line_1_40' title="bbox 195 4398 1792 4507; baseline 0.004 -30"><span class='ocrx_word' id='word_1_366' title='bbox 195 4399 352 4499; x_wconf 84' lang='lat' dir='ltr'>obispos</span> <span class='ocrx_word' id='word_1_367' title='bbox 378 4398 615 4502; x_wconf 80' lang='lat' dir='ltr'>suffraganeos</span> <span class='ocrx_word' id='word_1_368' title='bbox 629 4405 910 4503; x_wconf 83' lang='lat' dir='ltr'>&#39;comprendidoe</span> <span class='ocrx_word' id='word_1_369' title='bbox 934 4430 980 4480; x_wconf 90' lang='lat' dir='ltr'>en</span> <span class='ocrx_word' id='word_1_370' title='bbox 1003 4406 1111 4483; x_wconf 88' lang='lat' dir='ltr'>dicho</span> <span class='ocrx_word' id='word_1_371' title='bbox 1134 4402 1304 4491; x_wconf 83' lang='lat' dir='ltr'>Concilio</span> <span class='ocrx_word' id='word_1_372' title='bbox 1327 4409 1544 4503; x_wconf 77' lang='lat' dir='ltr'>Provincias,</span> <span class='ocrx_word' id='word_1_373' title='bbox 1571 4411 1658 4501; x_wconf 86' lang='lat' dir='ltr'>&amp;c.,</span> <span class='ocrx_word' id='word_1_374' title='bbox 1677 4422 1792 4507; x_wconf 57' lang='lat' dir='ltr'>Udi</span> 
     </span>
    </p>

    <p class='ocr_par' dir='ltr' id='par_1_6' title="bbox 203 4498 1505 4608">
     <span class='ocr_line' id='line_1_41' title="bbox 203 4498 1505 4608; baseline 0.002 -29"><span class='ocrx_word' id='word_1_375' title='bbox 203 4506 249 4582; x_wconf 90' lang='lat' dir='ltr'>de</span> <span class='ocrx_word' id='word_1_376' title='bbox 272 4498 499 4604; x_wconf 84' lang='lat' dir='ltr'>suffraganeis</span> <span class='ocrx_word' id='word_1_377' title='bbox 526 4526 669 4585; x_wconf 89' lang='lat' dir='ltr'>tantum</span> <span class='ocrx_word' id='word_1_378' title='bbox 694 4508 825 4584; x_wconf 90' lang='lat' dir='ltr'>dicitur</span> <span class='ocrx_word' id='word_1_379' title='bbox 850 4507 1123 4608; x_wconf 87' lang='lat' dir='ltr'>comprehendi.</span> <span class='ocrx_word' id='word_1_380' title='bbox 1501 4506 1505 4513; x_wconf 84' lang='lat'>&#39;</span> 
     </span>
    </p>
   </div>
   <div class='ocr_carea' id='block_1_3' title="bbox 189 4794 1673 5115">
    <p class='ocr_par' dir='ltr' id='par_1_7' title="bbox 189 4794 1673 5115">
     <span class='ocr_line' id='line_1_42' title="bbox 235 4794 968 4931; baseline 0 -72"><span class='ocrx_word' id='word_1_381' title='bbox 235 4802 293 4873; x_wconf 84' lang='lat' dir='ltr'>(a)</span> <span class='ocrx_word' id='word_1_382' title='bbox 315 4794 423 4876; x_wconf 69' lang='lat' dir='ltr'>dardos.</span> <span class='ocrx_word' id='word_1_383' title='bbox 442 4804 593 4861; x_wconf 65' lang='lat' dir='ltr'>ColleHan.</span> <span class='ocrx_word' id='word_1_384' title='bbox 614 4804 647 4860; x_wconf 85' lang='lat' dir='ltr'>V.</span> <span class='ocrx_word' id='word_1_385' title='bbox 668 4800 702 4861; x_wconf 73' lang='lat' dir='ltr'>C.</span> <span class='ocrx_word' id='word_1_386' title='bbox 717 4796 904 4861; x_wconf 74' lang='lat' dir='ltr'>Provincidle.</span> <span class='ocrx_word' id='word_1_387' title='bbox 960 4800 968 4931; x_wconf 71' lang='grc' dir='ltr'>Ι</span> 
     </span>
     <span class='ocr_line' id='line_1_43' title="bbox 236 4879 875 4949; baseline 0.002 -14"><span class='ocrx_word' id='word_1_388' title='bbox 236 4879 290 4949; x_wconf 79' lang='lat' dir='ltr'>(b)</span> <span class='ocrx_word' id='word_1_389' title='bbox 312 4882 395 4935; x_wconf 76' lang='lat' dir='ltr'>Suar-</span> <span class='ocrx_word' id='word_1_390' title='bbox 417 4879 468 4937; x_wconf 81' lang='lat' dir='ltr'>sib.</span> <span class='ocrx_word' id='word_1_391' title='bbox 490 4902 517 4945; x_wconf 69' lang='lat'>4»</span> <span class='ocrx_word' id='word_1_392' title='bbox 537 4882 581 4937; x_wconf 84' lang='lat' dir='ltr'>De</span> <span class='ocrx_word' id='word_1_393' title='bbox 600 4882 663 4949; x_wconf 73' lang='lat' dir='ltr'>Leg.</span> <span class='ocrx_word' id='word_1_394' title='bbox 683 4900 706 4938; x_wconf 75' lang='lat' dir='ltr'>c.</span> <span class='ocrx_word' id='word_1_395' title='bbox 728 4892 756 4940; x_wconf 81' lang='lat'>6.</span> <span class='ocrx_word' id='word_1_396' title='bbox 776 4900 806 4937; x_wconf 85' lang='lat' dir='ltr'>n.</span> <span class='ocrx_word' id='word_1_397' title='bbox 829 4902 875 4938; x_wconf 78' lang='lat' dir='ltr'>te.</span> 
     </span>
     <span class='ocr_line' id='line_1_44' title="bbox 191 4953 1673 5037; baseline 0.007 -25"><span class='ocrx_word' id='word_1_398' title='bbox 191 5030 194 5035; x_wconf 23' lang='grc'>1</span> <span class='ocrx_word' id='word_1_399' title='bbox 233 4953 286 5027; x_wconf 83' lang='lat' dir='ltr'>(cl</span> <span class='ocrx_word' id='word_1_400' title='bbox 307 4955 446 5024; x_wconf 73' lang='lat' dir='ltr'>Scbnier,</span> <span class='ocrx_word' id='word_1_401' title='bbox 465 4956 515 5014; x_wconf 69' lang='lat' dir='ltr'>lib.</span> <span class='ocrx_word' id='word_1_402' title='bbox 539 4974 565 5011; x_wconf 82' lang='lat' dir='ltr'>r.</span> <span class='ocrx_word' id='word_1_403' title='bbox 584 4957 711 5028; x_wconf 74' lang='lat' dir='ltr'>Jurr&#39;spr‘.</span> <span class='ocrx_word' id='word_1_404' title='bbox 729 4960 803 5016; x_wconf 77' lang='lat' dir='ltr'>ean.</span> <span class='ocrx_word' id='word_1_405' title='bbox 823 4974 860 5017; x_wconf 83' lang='lat' dir='ltr'>rr.</span> <span class='ocrx_word' id='word_1_406' title='bbox 874 4969 899 5019; x_wconf 86' lang='lat' dir='ltr'>t.</span> <span class='ocrx_word' id='word_1_407' title='bbox 917 4978 942 5019; x_wconf 84' lang='lat' dir='ltr'>c.</span> <span class='ocrx_word' id='word_1_408' title='bbox 1026 4956 1076 5030; x_wconf 85' lang='lat' dir='ltr'>(e)</span> <span class='ocrx_word' id='word_1_409' title='bbox 1098 4961 1128 5021; x_wconf 79' lang='lat'>1.</span> <span class='ocrx_word' id='word_1_410' title='bbox 1137 4965 1211 5020; x_wconf 80' lang='lat' dir='ltr'>XlV.</span> <span class='ocrx_word' id='word_1_411' title='bbox 1223 4964 1272 5020; x_wconf 80' lang='lat' dir='ltr'>tit.</span> <span class='ocrx_word' id='word_1_412' title='bbox 1286 4970 1311 5017; x_wconf 78' lang='lat' dir='ltr'>t.</span> <span class='ocrx_word' id='word_1_413' title='bbox 1322 4967 1363 5022; x_wconf 86' lang='lat' dir='ltr'>De</span> <span class='ocrx_word' id='word_1_414' title='bbox 1373 4970 1434 5037; x_wconf 79' lang='lat' dir='ltr'>Syn.</span> <span class='ocrx_word' id='word_1_415' title='bbox 1444 4967 1482 5025; x_wconf 83' lang='lat' dir='ltr'>D.</span> <span class='ocrx_word' id='word_1_416' title='bbox 1493 4985 1556 5036; x_wconf 60' lang='lat' dir='ltr'>cap„</span> <span class='ocrx_word' id='word_1_417' title='bbox 1569 4982 1635 5036; x_wconf 82' lang='lat' dir='ltr'>3.n.</span> <span class='ocrx_word' id='word_1_418' title='bbox 1647 4984 1673 5031; x_wconf 74' lang='lat' dir='ltr'>e·</span> 
     </span>
     <span class='ocr_line' id='line_1_45' title="bbox 189 5034 1598 5115; baseline 0.014 -30"><span class='ocrx_word' id='word_1_419' title='bbox 189 5040 219 5101; x_wconf 72' lang='lat'>²1·</span> <span class='ocrx_word' id='word_1_420' title='bbox 239 5035 260 5097; x_wconf 80' lang='lat' dir='ltr'>s.</span> <span class='ocrx_word' id='word_1_421' title='bbox 283 5053 309 5087; x_wconf 80' lang='lat' dir='ltr'>a.</span> <span class='ocrx_word' id='word_1_422' title='bbox 1025 5038 1079 5107; x_wconf 75' lang='lat' dir='ltr'>ll)</span> <span class='ocrx_word' id='word_1_423' title='bbox 1098 5040 1256 5112; x_wconf 62' lang='lat' dir='ltr'>incudo-de</span> <span class='ocrx_word' id='word_1_424' title='bbox 1276 5034 1444 5114; x_wconf 70' lang='lat' dir='ltr'>Tucccmn,</span> <span class='ocrx_word' id='word_1_425' title='bbox 1464 5063 1529 5115; x_wconf 72' lang='lat' dir='ltr'>cap.</span> <span class='ocrx_word' id='word_1_426' title='bbox 1550 5064 1598 5105; x_wconf 75' lang='lat' dir='ltr'>ue·</span> 
     </span>
    </p>
   </div>
   <div class='ocr_carea' id='block_1_4' title="bbox 985 4798 1789 4953">
    <p class='ocr_par' dir='ltr' id='par_1_8' title="bbox 985 4798 1789 4953">
     <span class='ocr_line' id='line_1_46' title="bbox 1028 4798 1789 4877; baseline 0.008 -16"><span class='ocrx_word' id='word_1_427' title='bbox 1028 4802 1084 4875; x_wconf 89' lang='lat' dir='ltr'>(d)</span> <span class='ocrx_word' id='word_1_428' title='bbox 1104 4809 1235 4875; x_wconf 78' lang='lat' dir='ltr'>Fagnan.</span> <span class='ocrx_word' id='word_1_429' title='bbox 1264 4809 1295 4864; x_wconf 83' lang='lat' dir='ltr'>in</span> <span class='ocrx_word' id='word_1_430' title='bbox 1319 4829 1342 4862; x_wconf 87' lang='lat' dir='ltr'>r.</span> <span class='ocrx_word' id='word_1_431' title='bbox 1362 4811 1443 4867; x_wconf 78' lang='lat' dir='ltr'>Decr.</span> <span class='ocrx_word' id='word_1_432' title='bbox 1471 4831 1495 4869; x_wconf 87' lang='lat' dir='ltr'>c.</span> <span class='ocrx_word' id='word_1_433' title='bbox 1514 4807 1646 4868; x_wconf 75' lang='lat' dir='ltr'>Fitntitet</span> <span class='ocrx_word' id='word_1_434' title='bbox 1666 4848 1680 4877; x_wconf 80' lang='lat'>,</span> <span class='ocrx_word' id='word_1_435' title='bbox 1696 4814 1732 4875; x_wconf 72' lang='lat' dir='ltr'>Be</span> <span class='ocrx_word' id='word_1_436' title='bbox 1781 4798 1789 4811; x_wconf 65' lang='grc'><strong>”</strong></span> 
     </span>
     <span class='ocr_line' id='line_1_47' title="bbox 985 4883 1378 4953; baseline 0 -12"><span class='ocrx_word' id='word_1_437' title='bbox 985 4886 1100 4941; x_wconf 73' lang='lat' dir='ltr'>Summo</span> <span class='ocrx_word' id='word_1_438' title='bbox 1112 4883 1208 4940; x_wconf 81' lang='lat' dir='ltr'>·Trr&#39;n.</span> <span class='ocrx_word' id='word_1_439' title='bbox 1227 4904 1304 4945; x_wconf 79' lang='lat' dir='ltr'>naon.</span> <span class='ocrx_word' id='word_1_440' title='bbox 1326 4894 1378 4953; x_wconf 74' lang='lat'>48..</span> 
     </span>
    </p>
   </div>
   <div class='ocr_carea' id='block_1_5' title="bbox 0 0 1936 5686">
    <p class='ocr_par' dir='ltr' id='par_1_9' title="bbox 0 0 1936 5686">
     <span class='ocr_line' id='line_1_48' title="bbox 0 0 1936 5686; baseline 0 6"><span class='ocrx_word' id='word_1_441' title='bbox 0 0 1936 5686; x_wconf 95' lang='lat' dir='ltr'> </span> 
     </span>
    </p>
   </div>
  </div>
 </body>
</html>
