<?xml version="1.0" encoding="UTF-8"?>
<!DOCTYPE html PUBLIC "-//W3C//DTD XHTML 1.0 Transitional//EN"
    "http://www.w3.org/TR/xhtml1/DTD/xhtml1-transitional.dtd">
<html xmlns="http://www.w3.org/1999/xhtml" xml:lang="en" lang="en">
 <head>
  <title>
</title>
<meta http-equiv="Content-Type" content="text/html;charset=utf-8" />
  <meta name='ocr-system' content='tesseract 3.04.00' />
  <meta name='ocr-capabilities' content='ocr_page ocr_carea ocr_par ocr_line ocrx_word'/>
</head>
<body>
  <div class='ocr_page' id='page_1' title='image "./fastinoviorbise00moregoog_0385.png"; bbox 0 0 3856 5678; ppageno 0'>
   <div class='ocr_carea' id='block_1_1' title="bbox 253 276 1276 387">
    <p class='ocr_par' dir='ltr' id='par_1_1' title="bbox 253 276 1276 387">
     <span class='ocr_line' id='line_1_1' title="bbox 253 276 1276 387; baseline -0.004 -32"><span class='ocrx_word' id='word_1_1' title='bbox 253 308 332 387; x_wconf 79' lang='lat'>402</span> <span class='ocrx_word' id='word_1_2' title='bbox 691 276 1276 353; x_wconf 77' lang='lat' dir='ltr'>Ouutttrtrtouns</span> 
     </span>
    </p>
   </div>
   <div class='ocr_carea' id='block_1_2' title="bbox 199 382 1741 615">
    <p class='ocr_par' dir='ltr' id='par_1_2' title="bbox 199 382 1741 615">
     <span class='ocr_line' id='line_1_2' title="bbox 199 382 1741 528; baseline -0.012 -17"><span class='ocrx_word' id='word_1_3' title='bbox 199 430 323 528; x_wconf 85' lang='lat' dir='ltr'>rogari</span> <span class='ocrx_word' id='word_1_4' title='bbox 350 423 459 501; x_wconf 87' lang='lat' dir='ltr'>videri</span> <span class='ocrx_word' id='word_1_5' title='bbox 483 418 597 523; x_wconf 85' lang='lat' dir='ltr'>posset</span> <span class='ocrx_word' id='word_1_6' title='bbox 620 442 682 517; x_wconf 92' lang='lat' dir='ltr'>per</span> <span class='ocrx_word' id='word_1_7' title='bbox 706 414 854 517; x_wconf 82' lang='lat' dir='ltr'>prresenr</span> <span class='ocrx_word' id='word_1_8' title='bbox 878 416 1122 515; x_wconf 85' lang='lat' dir='ltr'>privilegium,</span> <span class='ocrx_word' id='word_1_9' title='bbox 1147 414 1200 495; x_wconf 89' lang='lat' dir='ltr'>est</span> <span class='ocrx_word' id='word_1_10' title='bbox 1223 411 1445 495; x_wconf 82' lang='lat' dir='ltr'>Constitutio</span> <span class='ocrx_word' id='word_1_11' title='bbox 1479 414 1651 517; x_wconf 78' lang='lat' dir='ltr'>quadan</span> <span class='ocrx_word' id='word_1_12' title='bbox 1674 382 1741 511; x_wconf 72' lang='lat' dir='ltr'>eju</span> 
     </span>
     <span class='ocr_line' id='line_1_3' title="bbox 200 518 1069 615; baseline -0.021 0"><span class='ocrx_word' id='word_1_13' title='bbox 200 526 360 615; x_wconf 78' lang='lat' dir='ltr'>Conciffi</span> <span class='ocrx_word' id='word_1_14' title='bbox 383 520 635 607; x_wconf 74' lang='lat' dir='ltr'>Intetcnenfis</span> <span class='ocrx_word' id='word_1_15' title='bbox 658 518 721 599; x_wconf 91' lang='lat' dir='ltr'>sub</span> <span class='ocrx_word' id='word_1_16' title='bbox 753 518 970 597; x_wconf 86' lang='lat' dir='ltr'>Innocentio</span> <span class='ocrx_word' id='word_1_17' title='bbox 995 518 1069 597; x_wconf 85' lang='lat' dir='ltr'>III.</span> 
     </span>
    </p>
   </div>
   <div class='ocr_carea' id='block_1_3' title="bbox 535 722 1403 931">
    <p class='ocr_par' dir='ltr' id='par_1_3' title="bbox 535 722 1403 931">
     <span class='ocr_line' id='line_1_4' title="bbox 535 722 1403 810; baseline -0.003 -2"><span class='ocrx_word' id='word_1_18' title='bbox 535 722 1124 810; x_wconf 83' lang='lat' dir='ltr'>ORDINATIO</span> <span class='ocrx_word' id='word_1_19' title='bbox 1219 724 1403 807; x_wconf 74' lang='lat' dir='ltr'>OEXCV.</span> 
     </span>
     <span class='ocr_line' id='line_1_5' title="bbox 725 828 1216 931; baseline -0.004 -24"><span class='ocrx_word' id='word_1_20' title='bbox 725 828 836 907; x_wconf 84' lang='lat' dir='ltr'>Auno</span> <span class='ocrx_word' id='word_1_21' title='bbox 863 840 978 923; x_wconf 84' lang='lat'><em>1639.</em></span> <span class='ocrx_word' id='word_1_22' title='bbox 1012 850 1073 905; x_wconf 88' lang='lat'>22.</span> <span class='ocrx_word' id='word_1_23' title='bbox 1099 830 1216 931; x_wconf 88' lang='lat' dir='ltr'>April.</span> 
     </span>
    </p>
   </div>
   <div class='ocr_carea' id='block_1_4' title="bbox 196 1028 1724 2671">
    <p class='ocr_par' dir='ltr' id='par_1_4' title="bbox 273 1028 1722 1137">
     <span class='ocr_line' id='line_1_6' title="bbox 273 1028 1722 1137; baseline -0.002 -19"><span class='ocrx_word' id='word_1_24' title='bbox 273 1040 356 1118; x_wconf 85' lang='lat' dir='ltr'>Auli</span> <span class='ocrx_word' id='word_1_25' title='bbox 381 1038 499 1119; x_wconf 86' lang='lat' dir='ltr'>Tertii</span> <span class='ocrx_word' id='word_1_26' title='bbox 517 1035 666 1137; x_wconf 82' lang='lat' dir='ltr'>vestigiis</span> <span class='ocrx_word' id='word_1_27' title='bbox 691 1031 848 1111; x_wconf 79' lang='lat' dir='ltr'>insistens</span> <span class='ocrx_word' id='word_1_28' title='bbox 867 1028 1035 1111; x_wconf 81' lang='lat' dir='ltr'>Urbanus</span> <span class='ocrx_word' id='word_1_29' title='bbox 1050 1036 1119 1127; x_wconf 87' lang='grc' dir='ltr'>(Ι)</span> <span class='ocrx_word' id='word_1_30' title='bbox 1142 1032 1334 1112; x_wconf 79' lang='lat' dir='ltr'>cotteuori</span> <span class='ocrx_word' id='word_1_31' title='bbox 1359 1032 1572 1135; x_wconf 85' lang='lat' dir='ltr'>Apossoiieo</span> <span class='ocrx_word' id='word_1_32' title='bbox 1596 1034 1635 1111; x_wconf 89' lang='lat' dir='ltr'>itt</span> <span class='ocrx_word' id='word_1_33' title='bbox 1651 1028 1722 1115; x_wconf 69' lang='lat' dir='ltr'>Po·</span> 
     </span>
    </p>

    <p class='ocr_par' dir='ltr' id='par_1_5' title="bbox 196 1132 1724 2671">
     <span class='ocr_line' id='line_1_7' title="bbox 297 1132 1724 1243; baseline -0.006 -20"><span class='ocrx_word' id='word_1_34' title='bbox 297 1144 446 1243; x_wconf 85' lang='lat' dir='ltr'>tugaiiia</span> <span class='ocrx_word' id='word_1_35' title='bbox 469 1140 643 1231; x_wconf 83' lang='lat' dir='ltr'>mandat,</span> <span class='ocrx_word' id='word_1_36' title='bbox 669 1158 710 1215; x_wconf 90' lang='lat' dir='ltr'>ut</span> <span class='ocrx_word' id='word_1_37' title='bbox 737 1136 858 1237; x_wconf 84' lang='lat' dir='ltr'>perse</span> <span class='ocrx_word' id='word_1_38' title='bbox 884 1136 939 1211; x_wconf 88' lang='lat' dir='ltr'>vei</span> <span class='ocrx_word' id='word_1_39' title='bbox 966 1138 1079 1213; x_wconf 82' lang='lat' dir='ltr'>alium</span> <span class='ocrx_word' id='word_1_40' title='bbox 1103 1138 1268 1215; x_wconf 81' lang='lat' dir='ltr'>omnibus</span> <span class='ocrx_word' id='word_1_41' title='bbox 1292 1134 1416 1233; x_wconf 85' lang='lat' dir='ltr'>Indis,</span> <span class='ocrx_word' id='word_1_42' title='bbox 1452 1158 1530 1215; x_wconf 86' lang='lat' dir='ltr'>tam</span> <span class='ocrx_word' id='word_1_43' title='bbox 1556 1140 1597 1215; x_wconf 91' lang='lat' dir='ltr'>in</span> <span class='ocrx_word' id='word_1_44' title='bbox 1631 1132 1724 1215; x_wconf 83' lang='lat' dir='ltr'>I’ara·</span> 
     </span>
     <span class='ocr_line' id='line_1_8' title="bbox 201 1236 1724 1347; baseline -0.004 -23"><span class='ocrx_word' id='word_1_45' title='bbox 201 1248 334 1347; x_wconf 79' lang='lat' dir='ltr'>quariae</span> <span class='ocrx_word' id='word_1_46' title='bbox 357 1252 393 1323; x_wconf 78' lang='lat' dir='ltr'>dr</span> <span class='ocrx_word' id='word_1_47' title='bbox 416 1242 572 1320; x_wconf 84' lang='lat' dir='ltr'>Brasrliae</span> <span class='ocrx_word' id='word_1_48' title='bbox 595 1240 818 1340; x_wconf 80' lang='lat' dir='ltr'>provinciis,</span> <span class='ocrx_word' id='word_1_49' title='bbox 851 1262 895 1315; x_wconf 82' lang='lat' dir='ltr'>ac</span> <span class='ocrx_word' id='word_1_50' title='bbox 920 1238 968 1315; x_wconf 80' lang='lat' dir='ltr'>ed</span> <span class='ocrx_word' id='word_1_51' title='bbox 993 1238 1145 1317; x_wconf 83' lang='lat' dir='ltr'>Fiu&#39;mcn</span> <span class='ocrx_word' id='word_1_52' title='bbox 1169 1240 1208 1315; x_wconf 85' lang='lat' dir='ltr'>de</span> <span class='ocrx_word' id='word_1_53' title='bbox 1231 1244 1267 1316; x_wconf 84' lang='lat' dir='ltr'>ia</span> <span class='ocrx_word' id='word_1_54' title='bbox 1293 1244 1420 1333; x_wconf 75' lang='lat' dir='ltr'>Puta,</span> <span class='ocrx_word' id='word_1_55' title='bbox 1456 1265 1569 1339; x_wconf 89' lang='lat' dir='ltr'>quam</span> <span class='ocrx_word' id='word_1_56' title='bbox 1600 1240 1641 1317; x_wconf 91' lang='lat' dir='ltr'>irt</span> <span class='ocrx_word' id='word_1_57' title='bbox 1664 1236 1724 1339; x_wconf 77' lang='lat' dir='ltr'>qd·</span> 
     </span>
     <span class='ocr_line' id='line_1_9' title="bbox 199 1338 1723 1443; baseline -0.003 -16"><span class='ocrx_word' id='word_1_58' title='bbox 199 1348 312 1427; x_wconf 81' lang='lat' dir='ltr'>busvir</span> <span class='ocrx_word' id='word_1_59' title='bbox 337 1348 415 1425; x_wconf 78' lang='lat' dir='ltr'>aliie</span> <span class='ocrx_word' id='word_1_60' title='bbox 438 1344 639 1443; x_wconf 82' lang='lat' dir='ltr'>regionibus</span> <span class='ocrx_word' id='word_1_61' title='bbox 663 1341 702 1419; x_wconf 92' lang='lat' dir='ltr'>in</span> <span class='ocrx_word' id='word_1_62' title='bbox 726 1338 846 1419; x_wconf 87' lang='lat' dir='ltr'>Indiis¹</span> <span class='ocrx_word' id='word_1_63' title='bbox 862 1342 1140 1419; x_wconf 81' lang='lat' dir='ltr'>ochdenraiibur</span> <span class='ocrx_word' id='word_1_64' title='bbox 1163 1346 1201 1421; x_wconf 80' lang='lat' dir='ltr'>bt</span> <span class='ocrx_word' id='word_1_65' title='bbox 1232 1342 1526 1421; x_wconf 80' lang='lat' dir='ltr'>meridionalibue</span> <span class='ocrx_word' id='word_1_66' title='bbox 1559 1338 1723 1421; x_wconf 65' lang='lat' dir='ltr'>anmi·</span> 
     </span>
     <span class='ocr_line' id='line_1_10' title="bbox 202 1442 1724 1547; baseline -0.003 -22"><span class='ocrx_word' id='word_1_67' title='bbox 202 1452 266 1529; x_wconf 78' lang='lat' dir='ltr'>bue</span> <span class='ocrx_word' id='word_1_68' title='bbox 292 1448 468 1541; x_wconf 80' lang='lat' dir='ltr'>assisiens,</span> <span class='ocrx_word' id='word_1_69' title='bbox 493 1445 659 1524; x_wconf 82' lang='lat' dir='ltr'>univerfis</span> <span class='ocrx_word' id='word_1_70' title='bbox 683 1443 746 1519; x_wconf 90' lang='lat' dir='ltr'>sub</span> <span class='ocrx_word' id='word_1_71' title='bbox 770 1444 1144 1521; x_wconf 80' lang='lat' dir='ltr'>excommunicatione</span> <span class='ocrx_word' id='word_1_72' title='bbox 1168 1445 1252 1519; x_wconf 78' lang='lat' dir='ltr'>laur</span> <span class='ocrx_word' id='word_1_73' title='bbox 1276 1442 1491 1539; x_wconf 81' lang='lat' dir='ltr'>sententiae,</span> <span class='ocrx_word' id='word_1_74' title='bbox 1518 1444 1542 1521; x_wconf 75' lang='lat' dir='ltr'>I</span> <span class='ocrx_word' id='word_1_75' title='bbox 1566 1468 1637 1547; x_wconf 77' lang='lat' dir='ltr'>qua</span> <span class='ocrx_word' id='word_1_76' title='bbox 1659 1466 1724 1529; x_wconf 80' lang='lat' dir='ltr'>nto</span> 
     </span>
     <span class='ocr_line' id='line_1_11' title="bbox 199 1544 1720 1647; baseline -0.004 -18"><span class='ocrx_word' id='word_1_77' title='bbox 199 1552 268 1630; x_wconf 83' lang='lat' dir='ltr'>nist</span> <span class='ocrx_word' id='word_1_78' title='bbox 294 1578 316 1627; x_wconf 87' lang='lat' dir='ltr'>a</span> <span class='ocrx_word' id='word_1_79' title='bbox 339 1554 512 1629; x_wconf 87' lang='lat' dir='ltr'>Romano</span> <span class='ocrx_word' id='word_1_80' title='bbox 537 1546 731 1641; x_wconf 78' lang='lat' dir='ltr'>pontifice,</span> <span class='ocrx_word' id='word_1_81' title='bbox 758 1550 805 1625; x_wconf 78' lang='lat' dir='ltr'>&#39;br</span> <span class='ocrx_word' id='word_1_82' title='bbox 827 1544 1064 1623; x_wconf 69' lang='lat' dir='ltr'>satissasiione</span> <span class='ocrx_word' id='word_1_83' title='bbox 1097 1544 1266 1645; x_wconf 81' lang='lat' dir='ltr'>praemissa</span> <span class='ocrx_word' id='word_1_84' title='bbox 1291 1551 1373 1638; x_wconf 87' lang='lat' dir='ltr'>(u)</span> <span class='ocrx_word' id='word_1_85' title='bbox 1399 1544 1533 1625; x_wconf 88' lang='lat' dir='ltr'>absolvi</span> <span class='ocrx_word' id='word_1_86' title='bbox 1569 1544 1720 1647; x_wconf 82' lang='lat' dir='ltr'>poffin&#39;,</span> 
     </span>
     <span class='ocr_line' id='line_1_12' title="bbox 200 1648 1719 1743; baseline -0.005 -8"><span class='ocrx_word' id='word_1_87' title='bbox 200 1656 361 1735; x_wconf 84' lang='lat' dir='ltr'>inhibeat</span> <span class='ocrx_word' id='word_1_88' title='bbox 385 1677 431 1729; x_wconf 91' lang='lat' dir='ltr'>ne</span> <span class='ocrx_word' id='word_1_89' title='bbox 456 1649 567 1727; x_wconf 86' lang='lat' dir='ltr'>Indos</span> <span class='ocrx_word' id='word_1_90' title='bbox 593 1652 630 1727; x_wconf 91' lang='lat' dir='ltr'>in</span> <span class='ocrx_word' id='word_1_91' title='bbox 654 1649 859 1725; x_wconf 89' lang='lat' dir='ltr'>servitutem</span> <span class='ocrx_word' id='word_1_92' title='bbox 878 1648 1035 1725; x_wconf 89' lang='lat' dir='ltr'>rediere</span> <span class='ocrx_word' id='word_1_93' title='bbox 1061 1652 1183 1741; x_wconf 80' lang='grc' dir='ltr'>(ιιι),</span> <span class='ocrx_word' id='word_1_94' title='bbox 1208 1649 1386 1741; x_wconf 86' lang='lat' dir='ltr'>vendere,</span> <span class='ocrx_word' id='word_1_95' title='bbox 1406 1672 1549 1743; x_wconf 87' lang='lat' dir='ltr'>emere,</span> <span class='ocrx_word' id='word_1_96' title='bbox 1574 1671 1719 1727; x_wconf 78' lang='lat' dir='ltr'>comne-</span> 
     </span>
     <span class='ocr_line' id='line_1_13' title="bbox 200 1748 1720 1853; baseline -0.004 -16"><span class='ocrx_word' id='word_1_97' title='bbox 200 1778 302 1850; x_wconf 83' lang='lat' dir='ltr'>tare,</span> <span class='ocrx_word' id='word_1_98' title='bbox 327 1756 383 1832; x_wconf 88' lang='lat' dir='ltr'>vel</span> <span class='ocrx_word' id='word_1_99' title='bbox 407 1754 565 1846; x_wconf 86' lang='lat' dir='ltr'>donare,</span> <span class='ocrx_word' id='word_1_100' title='bbox 603 1753 647 1829; x_wconf 82' lang='lat' dir='ltr'>ab</span> <span class='ocrx_word' id='word_1_101' title='bbox 671 1750 836 1829; x_wconf 84' lang='lat' dir='ltr'>uxoribus</span> <span class='ocrx_word' id='word_1_102' title='bbox 860 1751 916 1825; x_wconf 88' lang='lat' dir='ltr'>vei</span> <span class='ocrx_word' id='word_1_103' title='bbox 983 1750 1025 1827; x_wconf 83' lang='lat' dir='ltr'>iis</span> <span class='ocrx_word' id='word_1_104' title='bbox 1059 1750 1243 1848; x_wconf 83' lang='lat' dir='ltr'>separare,</span> <span class='ocrx_word' id='word_1_105' title='bbox 1277 1750 1378 1827; x_wconf 86' lang='lat' dir='ltr'>rebus</span> <span class='ocrx_word' id='word_1_106' title='bbox 1402 1748 1472 1829; x_wconf 83' lang='lat' dir='ltr'>suis</span> <span class='ocrx_word' id='word_1_107' title='bbox 1500 1750 1720 1853; x_wconf 63' lang='lat' dir='ltr'>spoliem&amp;</span> 
     </span>
     <span class='ocr_line' id='line_1_14' title="bbox 199 1850 1718 1953; baseline -0.001 -16"><span class='ocrx_word' id='word_1_108' title='bbox 199 1861 249 1938; x_wconf 84' lang='lat' dir='ltr'>ad</span> <span class='ocrx_word' id='word_1_109' title='bbox 274 1859 346 1936; x_wconf 81' lang='lat' dir='ltr'>alia</span> <span class='ocrx_word' id='word_1_110' title='bbox 370 1860 452 1933; x_wconf 87' lang='lat' dir='ltr'>loca</span> <span class='ocrx_word' id='word_1_111' title='bbox 476 1858 671 1951; x_wconf 86' lang='lat' dir='ltr'>deducere,</span> <span class='ocrx_word' id='word_1_112' title='bbox 696 1860 734 1933; x_wconf 79' lang='lat' dir='ltr'>bt</span> <span class='ocrx_word' id='word_1_113' title='bbox 760 1850 1024 1947; x_wconf 82' lang='lat' dir='ltr'>transmittere,</span> <span class='ocrx_word' id='word_1_114' title='bbox 1052 1874 1115 1931; x_wconf 83' lang='lat' dir='ltr'>aut</span> <span class='ocrx_word' id='word_1_115' title='bbox 1138 1854 1408 1953; x_wconf 86' lang='lat' dir='ltr'>quomodolibet</span> <span class='ocrx_word' id='word_1_116' title='bbox 1431 1854 1601 1932; x_wconf 85' lang='lat' dir='ltr'>libertate</span> <span class='ocrx_word' id='word_1_117' title='bbox 1626 1854 1718 1953; x_wconf 78' lang='lat' dir='ltr'>privt-</span> 
     </span>
     <span class='ocr_line' id='line_1_15' title="bbox 196 1954 1718 2055; baseline -0.005 -14"><span class='ocrx_word' id='word_1_118' title='bbox 196 1961 449 2053; x_wconf 87' lang='lat' dir='ltr'>re(1v),in</span> <span class='ocrx_word' id='word_1_119' title='bbox 482 1957 650 2034; x_wconf 86' lang='lat' dir='ltr'>servitute</span> <span class='ocrx_word' id='word_1_120' title='bbox 683 1958 858 2047; x_wconf 88' lang='lat' dir='ltr'>retinere,</span> <span class='ocrx_word' id='word_1_121' title='bbox 895 1978 964 2031; x_wconf 90' lang='lat' dir='ltr'>nee</span> <span class='ocrx_word' id='word_1_122' title='bbox 996 1977 1072 2031; x_wconf 88' lang='lat' dir='ltr'>non</span> <span class='ocrx_word' id='word_1_123' title='bbox 1095 1956 1255 2055; x_wconf 70' lang='lat' dir='ltr'>predicta</span> <span class='ocrx_word' id='word_1_124' title='bbox 1290 1958 1474 2054; x_wconf 81' lang='lat' dir='ltr'>agentibus</span> <span class='ocrx_word' id='word_1_125' title='bbox 1508 1954 1718 2049; x_wconf 80' lang='lat' dir='ltr'>confilium.</span> 
     </span>
     <span class='ocr_line' id='line_1_16' title="bbox 198 2056 1717 2159; baseline -0.004 -18"><span class='ocrx_word' id='word_1_126' title='bbox 198 2064 399 2154; x_wconf 82' lang='lat' dir='ltr'>auxilium,</span> <span class='ocrx_word' id='word_1_127' title='bbox 424 2064 461 2139; x_wconf 80' lang='lat' dir='ltr'>br</span> <span class='ocrx_word' id='word_1_128' title='bbox 484 2058 669 2155; x_wconf 56' lang='lat' dir='ltr'>sartorem,</span> <span class='ocrx_word' id='word_1_129' title='bbox 697 2078 759 2134; x_wconf 84' lang='lat' dir='ltr'>aut</span> <span class='ocrx_word' id='word_1_130' title='bbox 783 2081 930 2155; x_wconf 88' lang='lat' dir='ltr'>operam</span> <span class='ocrx_word' id='word_1_131' title='bbox 954 2080 1178 2156; x_wconf 80' lang='lat' dir='ltr'>quocumcpte</span> <span class='ocrx_word' id='word_1_132' title='bbox 1202 2078 1408 2157; x_wconf 79' lang='lat' dir='ltr'>praetextu,</span> <span class='ocrx_word' id='word_1_133' title='bbox 1433 2064 1471 2139; x_wconf 80' lang='lat' dir='ltr'>br</span> <span class='ocrx_word' id='word_1_134' title='bbox 1493 2056 1635 2159; x_wconf 70' lang='lat' dir='ltr'>questo</span> <span class='ocrx_word' id='word_1_135' title='bbox 1666 2082 1717 2136; x_wconf 88' lang='lat' dir='ltr'>co·</span> 
     </span>
     <span class='ocr_line' id='line_1_17' title="bbox 198 2160 1719 2261; baseline -0.001 -20"><span class='ocrx_word' id='word_1_136' title='bbox 198 2166 276 2241; x_wconf 88' lang='lat' dir='ltr'>iore</span> <span class='ocrx_word' id='word_1_137' title='bbox 303 2162 482 2261; x_wconf 81' lang='lat' dir='ltr'>praestare,</span> <span class='ocrx_word' id='word_1_138' title='bbox 508 2185 571 2240; x_wconf 84' lang='lat' dir='ltr'>aut</span> <span class='ocrx_word' id='word_1_139' title='bbox 596 2163 634 2238; x_wconf 92' lang='lat' dir='ltr'>id</span> <span class='ocrx_word' id='word_1_140' title='bbox 658 2164 798 2240; x_wconf 89' lang='lat' dir='ltr'>licitum</span> <span class='ocrx_word' id='word_1_141' title='bbox 825 2160 1038 2257; x_wconf 70' lang='lat' dir='ltr'>predicare,</span> <span class='ocrx_word' id='word_1_142' title='bbox 1063 2180 1126 2237; x_wconf 86' lang='lat' dir='ltr'>aut</span> <span class='ocrx_word' id='word_1_143' title='bbox 1151 2160 1301 2253; x_wconf 89' lang='lat' dir='ltr'>docere,</span> <span class='ocrx_word' id='word_1_144' title='bbox 1328 2162 1510 2237; x_wconf 76' lang='lat' dir='ltr'>curaliis</span> <span class='ocrx_word' id='word_1_145' title='bbox 1538 2160 1719 2261; x_wconf 86' lang='lat' dir='ltr'>quomodo·</span> 
     </span>
     <span class='ocr_line' id='line_1_18' title="bbox 198 2260 1718 2367; baseline -0.003 -24"><span class='ocrx_word' id='word_1_146' title='bbox 198 2266 285 2343; x_wconf 93' lang='lat' dir='ltr'>libet</span> <span class='ocrx_word' id='word_1_147' title='bbox 311 2266 493 2367; x_wconf 84' lang='lat' dir='ltr'>cooperari</span> <span class='ocrx_word' id='word_1_148' title='bbox 519 2266 695 2342; x_wconf 81' lang='lat' dir='ltr'>audeant:</span> <span class='ocrx_word' id='word_1_149' title='bbox 721 2262 998 2337; x_wconf 64' lang='lat' dir='ltr'>contraditione</span> <span class='ocrx_word' id='word_1_150' title='bbox 1022 2262 1061 2337; x_wconf 94' lang='lat' dir='ltr'>in</span> <span class='ocrx_word' id='word_1_151' title='bbox 1086 2285 1231 2361; x_wconf 86' lang='lat' dir='ltr'>poenam</span> <span class='ocrx_word' id='word_1_152' title='bbox 1254 2261 1457 2351; x_wconf 84' lang='lat' dir='ltr'>hujusmodi</span> <span class='ocrx_word' id='word_1_153' title='bbox 1482 2260 1640 2341; x_wconf 85' lang='lat' dir='ltr'>incidiss&#39;e</span> <span class='ocrx_word' id='word_1_154' title='bbox 1668 2260 1718 2339; x_wconf 87' lang='lat' dir='ltr'>de·</span> 
     </span>
     <span class='ocr_line' id='line_1_19' title="bbox 198 2360 1716 2463; baseline 0 -20"><span class='ocrx_word' id='word_1_155' title='bbox 198 2368 391 2444; x_wconf 85' lang='lat' dir='ltr'>clarando.</span> <span class='ocrx_word' id='word_1_156' title='bbox 416 2366 504 2445; x_wconf 90' lang='lat' dir='ltr'>Non</span> <span class='ocrx_word' id='word_1_157' title='bbox 528 2364 745 2443; x_wconf 81' lang='lat' dir='ltr'>obstantibus</span> <span class='ocrx_word' id='word_1_158' title='bbox 767 2360 1064 2463; x_wconf 88' lang='lat' dir='ltr'>quibuscumque.</span> <span class='ocrx_word' id='word_1_159' title='bbox 1090 2363 1249 2439; x_wconf 83' lang='lat' dir='ltr'>Ex&#39;tabat</span> <span class='ocrx_word' id='word_1_160' title='bbox 1275 2366 1480 2441; x_wconf 85' lang='lat' dir='ltr'>authentica</span> <span class='ocrx_word' id='word_1_161' title='bbox 1509 2390 1596 2443; x_wconf 88' lang='lat' dir='ltr'>eum</span> <span class='ocrx_word' id='word_1_162' title='bbox 1611 2364 1716 2443; x_wconf 72' lang='lat' dir='ltr'>litteris</span> 
     </span>
     <span class='ocr_line' id='line_1_20' title="bbox 196 2462 1714 2569; baseline 0 -22"><span class='ocrx_word' id='word_1_163' title='bbox 196 2470 304 2569; x_wconf 83' lang='lat' dir='ltr'>Regii</span> <span class='ocrx_word' id='word_1_164' title='bbox 328 2468 478 2547; x_wconf 88' lang='lat' dir='ltr'>Senatus</span> <span class='ocrx_word' id='word_1_165' title='bbox 503 2493 568 2565; x_wconf 90' lang='lat' dir='ltr'>pro</span> <span class='ocrx_word' id='word_1_166' title='bbox 591 2468 801 2545; x_wconf 84' lang='lat' dir='ltr'>executione</span> <span class='ocrx_word' id='word_1_167' title='bbox 825 2466 865 2541; x_wconf 92' lang='lat' dir='ltr'>in</span> <span class='ocrx_word' id='word_1_168' title='bbox 890 2464 1051 2541; x_wconf 83' lang='lat' dir='ltr'>archivio</span> <span class='ocrx_word' id='word_1_169' title='bbox 1073 2462 1230 2565; x_wconf 84' lang='lat' dir='ltr'>Collegii</span> <span class='ocrx_word' id='word_1_170' title='bbox 1253 2466 1290 2545; x_wconf 88' lang='lat' dir='ltr'>S.</span> <span class='ocrx_word' id='word_1_171' title='bbox 1304 2464 1444 2567; x_wconf 84' lang='lat' dir='ltr'>Ignrcii</span> <span class='ocrx_word' id='word_1_172' title='bbox 1464 2468 1504 2543; x_wconf 86' lang='lat' dir='ltr'>de</span> <span class='ocrx_word' id='word_1_173' title='bbox 1523 2470 1714 2549; x_wconf 78' lang='lat' dir='ltr'>Bumsriru</span> 
     </span>
     <span class='ocr_line' id='line_1_21' title="bbox 196 2570 827 2671; baseline -0.011 -21"><span class='ocrx_word' id='word_1_174' title='bbox 196 2570 280 2650; x_wconf 74' lang='lat' dir='ltr'>Soc.</span> <span class='ocrx_word' id='word_1_175' title='bbox 305 2570 410 2671; x_wconf 88' lang='lat' dir='ltr'>Jesu.</span> <span class='ocrx_word' id='word_1_176' title='bbox 436 2570 566 2671; x_wconf 84' lang='lat' dir='ltr'>Incipit</span> <span class='ocrx_word' id='word_1_177' title='bbox 591 2570 827 2665; x_wconf 77' lang='lat' dir='ltr'>Commiffirm.</span> 
     </span>
    </p>
   </div>
   <div class='ocr_carea' id='block_1_5' title="bbox 634 2774 1308 2853">
    <p class='ocr_par' dir='ltr' id='par_1_6' title="bbox 634 2774 1308 2853">
     <span class='ocr_line' id='line_1_22' title="bbox 634 2774 1308 2853; baseline 0.001 -4"><span class='ocrx_word' id='word_1_178' title='bbox 634 2774 1308 2853; x_wconf 80' lang='lat' dir='ltr'><em>ADNOTATIONES.</em></span> 
     </span>
    </p>
   </div>
   <div class='ocr_carea' id='block_1_6' title="bbox 181 2974 1728 4900">
    <p class='ocr_par' dir='ltr' id='par_1_7' title="bbox 192 2974 1728 3897">
     <span class='ocr_line' id='line_1_23' title="bbox 247 2974 1713 3081; baseline -0.001 -22"><span class='ocrx_word' id='word_1_179' title='bbox 247 2984 317 3071; x_wconf 84' lang='grc' dir='ltr'>(ι)</span> <span class='ocrx_word' id='word_1_180' title='bbox 343 2978 508 3069; x_wconf 72' lang='lat' dir='ltr'>Iulidem.</span> <span class='ocrx_word' id='word_1_181' title='bbox 535 2974 718 3059; x_wconf 86' lang='lat' dir='ltr'>Insrstendi</span> <span class='ocrx_word' id='word_1_182' title='bbox 742 2976 888 3055; x_wconf 84' lang='lat' dir='ltr'>causam</span> <span class='ocrx_word' id='word_1_183' title='bbox 912 2977 1075 3077; x_wconf 79' lang='lat' dir='ltr'>expressit</span> <span class='ocrx_word' id='word_1_184' title='bbox 1098 2976 1254 3079; x_wconf 86' lang='lat' dir='ltr'>Philipus</span> <span class='ocrx_word' id='word_1_185' title='bbox 1280 2978 1344 3055; x_wconf 82' lang='grc' dir='ltr'>Ν.</span> <span class='ocrx_word' id='word_1_186' title='bbox 1371 2976 1553 3081; x_wconf 66' lang='lat' dir='ltr'>Hispania</span> <span class='ocrx_word' id='word_1_187' title='bbox 1588 2984 1625 3061; x_wconf 82' lang='lat' dir='ltr'>bt</span> <span class='ocrx_word' id='word_1_188' title='bbox 1642 2976 1713 3057; x_wconf 73' lang='lat' dir='ltr'>Pu-</span> 
     </span>
     <span class='ocr_line' id='line_1_24' title="bbox 195 3076 1710 3287; baseline -0.001 -26"><span class='ocrx_word' id='word_1_189' title='bbox 195 3080 965 3285; x_wconf 56' lang='lat' dir='ltr'>iiiiii‘itiiziiir‘iiiii</span> <span class='ocrx_word' id='word_1_190' title='bbox 980 3086 1026 3261; x_wconf 50' lang='grc' dir='ltr'>δέ.</span> <span class='ocrx_word' id='word_1_191' title='bbox 1040 3080 1565 3285; x_wconf 65' lang='lat' dir='ltr'>Jiid&#39;iissisiiiiiti,</span> <span class='ocrx_word' id='word_1_192' title='bbox 1582 3076 1710 3287; x_wconf 67' lang='lat' dir='ltr'>iii</span> 
     </span>
     <span class='ocr_line' id='line_1_25' title="bbox 194 3284 1706 3389; baseline 0.001 -29"><span class='ocrx_word' id='word_1_193' title='bbox 194 3284 247 3361; x_wconf 85' lang='lat' dir='ltr'>sta</span> <span class='ocrx_word' id='word_1_194' title='bbox 272 3287 350 3363; x_wconf 88' lang='lat' dir='ltr'>diez</span> <span class='ocrx_word' id='word_1_195' title='bbox 374 3288 536 3379; x_wconf 83' lang='lat' dir='ltr'>jornadas</span> <span class='ocrx_word' id='word_1_196' title='bbox 560 3288 606 3361; x_wconf 87' lang='lat' dir='ltr'>de</span> <span class='ocrx_word' id='word_1_197' title='bbox 630 3287 683 3361; x_wconf 82' lang='lat' dir='ltr'>iar</span> <span class='ocrx_word' id='word_1_198' title='bbox 707 3288 852 3364; x_wconf 81' lang='lat' dir='ltr'>tritimas</span> <span class='ocrx_word' id='word_1_199' title='bbox 877 3288 1104 3365; x_wconf 80' lang='lat' dir='ltr'>reductiones</span> <span class='ocrx_word' id='word_1_200' title='bbox 1127 3288 1173 3365; x_wconf 87' lang='lat' dir='ltr'>de</span> <span class='ocrx_word' id='word_1_201' title='bbox 1198 3288 1322 3365; x_wconf 85' lang='lat' dir='ltr'>ludios</span> <span class='ocrx_word' id='word_1_202' title='bbox 1345 3290 1391 3370; x_wconf 91' lang='lat' dir='ltr'>de</span> <span class='ocrx_word' id='word_1_203' title='bbox 1415 3291 1450 3365; x_wconf 83' lang='lat' dir='ltr'>la</span> <span class='ocrx_word' id='word_1_204' title='bbox 1476 3284 1706 3389; x_wconf 85' lang='lat' dir='ltr'>provinciadei</span> 
     </span>
     <span class='ocr_line' id='line_1_26' title="bbox 194 3386 1708 3487; baseline -0.001 -22"><span class='ocrx_word' id='word_1_205' title='bbox 194 3386 381 3487; x_wconf 83' lang='lat' dir='ltr'>Paraguay</span> <span class='ocrx_word' id='word_1_206' title='bbox 417 3410 544 3467; x_wconf 89' lang='lat' dir='ltr'>contra</span> <span class='ocrx_word' id='word_1_207' title='bbox 572 3388 659 3465; x_wconf 80' lang='lat' dir='ltr'>toda</span> <span class='ocrx_word' id='word_1_208' title='bbox 695 3389 824 3485; x_wconf 81' lang='lat' dir='ltr'>piedcd</span> <span class='ocrx_word' id='word_1_209' title='bbox 848 3386 1038 3465; x_wconf 85' lang='lat' dir='ltr'>christiana</span> <span class='ocrx_word' id='word_1_210' title='bbox 1072 3416 1142 3466; x_wconf 92' lang='lat' dir='ltr'>van</span> <span class='ocrx_word' id='word_1_211' title='bbox 1178 3392 1284 3469; x_wconf 85' lang='lat' dir='ltr'>todos</span> <span class='ocrx_word' id='word_1_212' title='bbox 1308 3394 1363 3467; x_wconf 83' lang='lat' dir='ltr'>los</span> <span class='ocrx_word' id='word_1_213' title='bbox 1397 3394 1537 3469; x_wconf 80' lang='lat' dir='ltr'>adorei</span> <span class='ocrx_word' id='word_1_214' title='bbox 1573 3392 1708 3469; x_wconf 89' lang='lat' dir='ltr'>cautivar</span> 
     </span>
     <span class='ocr_line' id='line_1_27' title="bbox 193 3488 1710 3588; baseline 0.001 -19"><span class='ocrx_word' id='word_1_215' title='bbox 193 3490 249 3569; x_wconf 75' lang='lat' dir='ltr'>tos</span> <span class='ocrx_word' id='word_1_216' title='bbox 274 3490 399 3568; x_wconf 88' lang='lat' dir='ltr'>ludios</span> <span class='ocrx_word' id='word_1_217' title='bbox 422 3492 467 3567; x_wconf 86' lang='lat' dir='ltr'>de</span> <span class='ocrx_word' id='word_1_218' title='bbox 492 3494 583 3583; x_wconf 82' lang='lat' dir='ltr'>eila,</span> <span class='ocrx_word' id='word_1_219' title='bbox 610 3516 634 3583; x_wconf 89' lang='lat' dir='ltr'>y</span> <span class='ocrx_word' id='word_1_220' title='bbox 658 3490 714 3565; x_wconf 83' lang='lat' dir='ltr'>lor</span> <span class='ocrx_word' id='word_1_221' title='bbox 737 3492 892 3587; x_wconf 89' lang='lat' dir='ltr'>venden,</span> <span class='ocrx_word' id='word_1_222' title='bbox 918 3518 942 3587; x_wconf 86' lang='lat' dir='ltr'>y</span> <span class='ocrx_word' id='word_1_223' title='bbox 965 3494 1021 3569; x_wconf 84' lang='lat' dir='ltr'>los</span> <span class='ocrx_word' id='word_1_224' title='bbox 1044 3492 1159 3569; x_wconf 85' lang='lat' dir='ltr'>lievan</span> <span class='ocrx_word' id='word_1_225' title='bbox 1185 3518 1231 3567; x_wconf 92' lang='lat' dir='ltr'>en</span> <span class='ocrx_word' id='word_1_226' title='bbox 1257 3493 1289 3568; x_wconf 89' lang='lat' dir='ltr'>ei</span> <span class='ocrx_word' id='word_1_227' title='bbox 1311 3490 1447 3588; x_wconf 75' lang='lat' dir='ltr'>irrasi,</span> <span class='ocrx_word' id='word_1_228' title='bbox 1474 3518 1586 3573; x_wconf 90' lang='lat' dir='ltr'>como</span> <span class='ocrx_word' id='word_1_229' title='bbox 1608 3488 1710 3574; x_wconf 66' lang='lat' dir='ltr'>sisic</span> 
     </span>
     <span class='ocr_line' id='line_1_28' title="bbox 192 3590 1728 3695; baseline 0 -26"><span class='ocrx_word' id='word_1_230' title='bbox 192 3616 261 3669; x_wconf 82' lang='lat' dir='ltr'>ran</span> <span class='ocrx_word' id='word_1_231' title='bbox 284 3590 449 3685; x_wconf 78' lang='lat' dir='ltr'>esclavos,</span> <span class='ocrx_word' id='word_1_232' title='bbox 475 3594 542 3667; x_wconf 79' lang='lat' dir='ltr'>bre.</span> <span class='ocrx_word' id='word_1_233' title='bbox 566 3590 661 3667; x_wconf 76' lang='lat' dir='ltr'>Otto</span> <span class='ocrx_word' id='word_1_234' title='bbox 686 3590 760 3691; x_wconf 86' lang='lat' dir='ltr'>post</span> <span class='ocrx_word' id='word_1_235' title='bbox 785 3596 885 3669; x_wconf 86' lang='lat' dir='ltr'>annis</span> <span class='ocrx_word' id='word_1_236' title='bbox 909 3620 991 3671; x_wconf 92' lang='lat' dir='ltr'>eum</span> <span class='ocrx_word' id='word_1_237' title='bbox 1015 3590 1129 3695; x_wconf 83' lang='lat' dir='ltr'>spreta</span> <span class='ocrx_word' id='word_1_238' title='bbox 1154 3598 1275 3695; x_wconf 84' lang='lat' dir='ltr'>legum</span> <span class='ocrx_word' id='word_1_239' title='bbox 1300 3594 1486 3673; x_wconf 83' lang='lat' dir='ltr'>severitate</span> <span class='ocrx_word' id='word_1_240' title='bbox 1511 3598 1646 3675; x_wconf 86' lang='lat' dir='ltr'>malum</span> <span class='ocrx_word' id='word_1_241' title='bbox 1664 3594 1728 3669; x_wconf 77' lang='lat' dir='ltr'>iu·</span> 
     </span>
     <span class='ocr_line' id='line_1_29' title="bbox 193 3690 1712 3801; baseline 0.009 -34"><span class='ocrx_word' id='word_1_242' title='bbox 193 3690 435 3789; x_wconf 83' lang='lat' dir='ltr'>gravescerer‚</span> <span class='ocrx_word' id='word_1_243' title='bbox 460 3694 544 3769; x_wconf 87' lang='lat' dir='ltr'>Orci</span> <span class='ocrx_word' id='word_1_244' title='bbox 560 3692 727 3789; x_wconf 80' lang='lat' dir='ltr'>satellites</span> <span class='ocrx_word' id='word_1_245' title='bbox 749 3722 837 3799; x_wconf 87' lang='lat' dir='ltr'>quos</span> <span class='ocrx_word' id='word_1_246' title='bbox 873 3698 1025 3797; x_wconf 87' lang='lat' dir='ltr'>appellat</span> <span class='ocrx_word' id='word_1_247' title='bbox 1049 3695 1180 3775; x_wconf 76' lang='lat' dir='ltr'>Paulus</span> <span class='ocrx_word' id='word_1_248' title='bbox 1204 3698 1349 3775; x_wconf 82' lang='lat' dir='ltr'>Tertius</span> <span class='ocrx_word' id='word_1_249' title='bbox 1371 3754 1383 3794; x_wconf 87' lang='lat'>‚</span> <span class='ocrx_word' id='word_1_250' title='bbox 1407 3700 1619 3779; x_wconf 88' lang='lat' dir='ltr'>continendi</span> <span class='ocrx_word' id='word_1_251' title='bbox 1645 3703 1712 3801; x_wconf 64' lang='lat' dir='ltr'>pri·</span> 
     </span>
     <span class='ocr_line' id='line_1_30' title="bbox 193 3792 1714 3897; baseline 0.005 -28"><span class='ocrx_word' id='word_1_252' title='bbox 193 3793 350 3871; x_wconf 82' lang='lat' dir='ltr'>vinciam</span> <span class='ocrx_word' id='word_1_253' title='bbox 375 3792 522 3892; x_wconf 86' lang='lat' dir='ltr'>suscepit</span> <span class='ocrx_word' id='word_1_254' title='bbox 547 3796 585 3871; x_wconf 89' lang='lat' dir='ltr'>S.</span> <span class='ocrx_word' id='word_1_255' title='bbox 599 3796 836 3897; x_wconf 79' lang='lat' dir='ltr'>inquisitionis</span> <span class='ocrx_word' id='word_1_256' title='bbox 846 3798 1042 3891; x_wconf 86' lang='lat' dir='ltr'>Officium,</span> <span class='ocrx_word' id='word_1_257' title='bbox 1067 3823 1108 3876; x_wconf 87' lang='lat' dir='ltr'>ut</span> <span class='ocrx_word' id='word_1_258' title='bbox 1134 3798 1241 3877; x_wconf 87' lang='lat' dir='ltr'>resert</span> <span class='ocrx_word' id='word_1_259' title='bbox 1265 3800 1439 3879; x_wconf 83' lang='lat' dir='ltr'>Claudius</span> <span class='ocrx_word' id='word_1_260' title='bbox 1456 3800 1630 3883; x_wconf 86' lang='lat' dir='ltr'>Clemens</span> <span class='ocrx_word' id='word_1_261' title='bbox 1653 3798 1714 3893; x_wconf 80' lang='lat' dir='ltr'>(i).</span> 
     </span>
    </p>

    <p class='ocr_par' dir='ltr' id='par_1_8' title="bbox 185 3896 1725 4730">
     <span class='ocr_line' id='line_1_31' title="bbox 243 3896 1715 4005; baseline 0.005 -33"><span class='ocrx_word' id='word_1_262' title='bbox 243 3896 321 3973; x_wconf 87' lang='lat' dir='ltr'>Nec</span> <span class='ocrx_word' id='word_1_263' title='bbox 345 3900 409 3976; x_wconf 89' lang='lat' dir='ltr'>diu</span> <span class='ocrx_word' id='word_1_264' title='bbox 432 3896 510 3999; x_wconf 88' lang='lat' dir='ltr'>post</span> <span class='ocrx_word' id='word_1_265' title='bbox 534 3897 696 3976; x_wconf 82' lang='lat' dir='ltr'>Romam</span> <span class='ocrx_word' id='word_1_266' title='bbox 723 3902 834 3979; x_wconf 83' lang='lat' dir='ltr'>iturus</span> <span class='ocrx_word' id='word_1_267' title='bbox 858 3900 898 3977; x_wconf 89' lang='grc' dir='ltr'>Ρ.</span> <span class='ocrx_word' id='word_1_268' title='bbox 925 3900 1130 3979; x_wconf 82' lang='lat' dir='ltr'>Franciscur</span> <span class='ocrx_word' id='word_1_269' title='bbox 1153 3902 1342 3981; x_wconf 80' lang='lat' dir='ltr'>Diaztatio</span> <span class='ocrx_word' id='word_1_270' title='bbox 1378 3904 1416 3981; x_wconf 86' lang='lat' dir='ltr'>S.</span> <span class='ocrx_word' id='word_1_271' title='bbox 1442 3902 1475 4001; x_wconf 86' lang='lat' dir='ltr'>J.</span> <span class='ocrx_word' id='word_1_272' title='bbox 1501 3904 1715 4005; x_wconf 72' lang='lat' dir='ltr'>Paraquma</span> 
     </span>
     <span class='ocr_line' id='line_1_32' title="bbox 190 3994 1718 4111; baseline 0.006 -34"><span class='ocrx_word' id='word_1_273' title='bbox 190 3994 387 4077; x_wconf 66' lang='lat' dir='ltr'>Provincia</span> <span class='ocrx_word' id='word_1_274' title='bbox 413 4020 642 4101; x_wconf 84' lang='lat' dir='ltr'>procurator,</span> <span class='ocrx_word' id='word_1_275' title='bbox 669 4005 705 4077; x_wconf 92' lang='lat' dir='ltr'>in</span> <span class='ocrx_word' id='word_1_276' title='bbox 730 4004 910 4081; x_wconf 84' lang='lat' dir='ltr'>mandatis</span> <span class='ocrx_word' id='word_1_277' title='bbox 935 4002 1061 4083; x_wconf 86' lang='lat' dir='ltr'>habuit</span> <span class='ocrx_word' id='word_1_278' title='bbox 1086 4030 1193 4105; x_wconf 89' lang='lat' dir='ltr'>opem</span> <span class='ocrx_word' id='word_1_279' title='bbox 1216 4006 1357 4083; x_wconf 89' lang='lat' dir='ltr'>Summi</span> <span class='ocrx_word' id='word_1_280' title='bbox 1382 4004 1572 4085; x_wconf 83' lang='lat' dir='ltr'>Pontificis</span> <span class='ocrx_word' id='word_1_281' title='bbox 1604 4005 1718 4111; x_wconf 83' lang='lat' dir='ltr'>implo-</span> 
     </span>
     <span class='ocr_line' id='line_1_33' title="bbox 191 4100 1722 4209; baseline 0.009 -32"><span class='ocrx_word' id='word_1_282' title='bbox 191 4128 294 4194; x_wconf 87' lang='lat' dir='ltr'>rare,</span> <span class='ocrx_word' id='word_1_283' title='bbox 318 4129 428 4201; x_wconf 86' lang='lat' dir='ltr'>quam</span> <span class='ocrx_word' id='word_1_284' title='bbox 464 4100 625 4181; x_wconf 83' lang='lat' dir='ltr'>Urbanus</span> <span class='ocrx_word' id='word_1_285' title='bbox 651 4104 757 4180; x_wconf 83' lang='lat' dir='ltr'>VIII.</span> <span class='ocrx_word' id='word_1_286' title='bbox 793 4106 864 4181; x_wconf 91' lang='lat' dir='ltr'>hac</span> <span class='ocrx_word' id='word_1_287' title='bbox 889 4105 1142 4185; x_wconf 88' lang='lat' dir='ltr'>constitutione</span> <span class='ocrx_word' id='word_1_288' title='bbox 1177 4108 1357 4207; x_wconf 68' lang='lat' dir='ltr'>prostitit.</span> <span class='ocrx_word' id='word_1_289' title='bbox 1392 4108 1487 4187; x_wconf 84' lang='lat' dir='ltr'>Eam</span> <span class='ocrx_word' id='word_1_290' title='bbox 1522 4112 1640 4189; x_wconf 84' lang='lat' dir='ltr'>redux</span> <span class='ocrx_word' id='word_1_291' title='bbox 1671 4126 1722 4209; x_wconf 75' lang='lat' dir='ltr'>pti</span> 
     </span>
     <span class='ocr_line' id='line_1_34' title="bbox 190 4198 1725 4317; baseline 0.007 -37"><span class='ocrx_word' id='word_1_292' title='bbox 190 4198 381 4281; x_wconf 82' lang='lat' dir='ltr'>Brasrliam</span> <span class='ocrx_word' id='word_1_293' title='bbox 403 4205 571 4305; x_wconf 82' lang='lat' dir='ltr'>publicari</span> <span class='ocrx_word' id='word_1_294' title='bbox 595 4204 704 4299; x_wconf 89' lang='lat' dir='ltr'>secit;</span> <span class='ocrx_word' id='word_1_295' title='bbox 743 4204 802 4283; x_wconf 90' lang='lat' dir='ltr'>sed</span> <span class='ocrx_word' id='word_1_296' title='bbox 836 4206 907 4285; x_wconf 91' lang='lat' dir='ltr'>fuit</span> <span class='ocrx_word' id='word_1_297' title='bbox 933 4210 1025 4285; x_wconf 88' lang='lat' dir='ltr'>inter</span> <span class='ocrx_word' id='word_1_298' title='bbox 1060 4210 1316 4311; x_wconf 77' lang='lat' dir='ltr'>neiipbitorum</span> <span class='ocrx_word' id='word_1_299' title='bbox 1341 4212 1518 4313; x_wconf 77' lang='lat' dir='ltr'>abigens,</span> <span class='ocrx_word' id='word_1_300' title='bbox 1555 4216 1618 4317; x_wconf 90' lang='lat' dir='ltr'>qui</span> <span class='ocrx_word' id='word_1_301' title='bbox 1640 4204 1725 4289; x_wconf 77' lang='lat' dir='ltr'>idas·¹</span> 
     </span>
     <span class='ocr_line' id='line_1_35' title="bbox 189 4304 1721 4419; baseline 0.006 -36"><span class='ocrx_word' id='word_1_302' title='bbox 189 4304 597 4407; x_wconf 62' lang='lat' dir='ltr'>phernanmapnsmo</span> <span class='ocrx_word' id='word_1_303' title='bbox 620 4312 737 4405; x_wconf 79' lang='lat' dir='ltr'>prun,</span> <span class='ocrx_word' id='word_1_304' title='bbox 761 4336 871 4411; x_wconf 88' lang='lat' dir='ltr'>quam</span> <span class='ocrx_word' id='word_1_305' title='bbox 896 4312 1020 4409; x_wconf 73' lang='lat' dir='ltr'>predae</span> <span class='ocrx_word' id='word_1_306' title='bbox 1055 4316 1342 4393; x_wconf 87' lang='lat' dir='ltr'>renuntiaturum</span> <span class='ocrx_word' id='word_1_307' title='bbox 1366 4312 1426 4393; x_wconf 88' lang='lat' dir='ltr'>se.</span> <span class='ocrx_word' id='word_1_308' title='bbox 1462 4316 1604 4419; x_wconf 88' lang='lat' dir='ltr'>Nempe</span> <span class='ocrx_word' id='word_1_309' title='bbox 1633 4336 1721 4391; x_wconf 92' lang='lat' dir='ltr'>non·</span> 
     </span>
     <span class='ocr_line' id='line_1_36' title="bbox 187 4408 1723 4513; baseline 0.007 -32"><span class='ocrx_word' id='word_1_310' title='bbox 187 4408 276 4484; x_wconf 89' lang='lat' dir='ltr'>dum</span> <span class='ocrx_word' id='word_1_311' title='bbox 300 4430 377 4487; x_wconf 88' lang='lat' dir='ltr'>erat</span> <span class='ocrx_word' id='word_1_312' title='bbox 402 4432 494 4489; x_wconf 88' lang='lat' dir='ltr'>nota</span> <span class='ocrx_word' id='word_1_313' title='bbox 518 4412 639 4509; x_wconf 83' lang='lat' dir='ltr'>prdera</span> <span class='ocrx_word' id='word_1_314' title='bbox 663 4408 825 4489; x_wconf 87' lang='lat' dir='ltr'>servandi</span> <span class='ocrx_word' id='word_1_315' title='bbox 851 4416 1006 4513; x_wconf 81' lang='lat' dir='ltr'>prredam</span> <span class='ocrx_word' id='word_1_316' title='bbox 1032 4442 1112 4509; x_wconf 87' lang='lat' dir='ltr'>ars,</span> <span class='ocrx_word' id='word_1_317' title='bbox 1139 4420 1272 4497; x_wconf 71' lang='lat' dir='ltr'>adores</span> <span class='ocrx_word' id='word_1_318' title='bbox 1297 4419 1480 4499; x_wconf 90' lang='lat' dir='ltr'>inoculare</span> <span class='ocrx_word' id='word_1_319' title='bbox 1504 4438 1628 4499; x_wconf 87' lang='lat' dir='ltr'>reatu.</span> <span class='ocrx_word' id='word_1_320' title='bbox 1653 4414 1723 4493; x_wconf 77' lang='lat' dir='ltr'>&#39;Ie&#39;-</span> 
     </span>
     <span class='ocr_line' id='line_1_37' title="bbox 186 4510 1725 4625; baseline 0.009 -40"><span class='ocrx_word' id='word_1_321' title='bbox 186 4514 265 4587; x_wconf 90' lang='lat' dir='ltr'>nuit</span> <span class='ocrx_word' id='word_1_322' title='bbox 301 4515 440 4589; x_wconf 87' lang='lat' dir='ltr'>malum</span> <span class='ocrx_word' id='word_1_323' title='bbox 474 4514 637 4611; x_wconf 88' lang='lat' dir='ltr'>pertinax</span> <span class='ocrx_word' id='word_1_324' title='bbox 661 4510 768 4613; x_wconf 89' lang='lat' dir='ltr'>usque</span> <span class='ocrx_word' id='word_1_325' title='bbox 804 4518 850 4595; x_wconf 84' lang='lat' dir='ltr'>ad</span> <span class='ocrx_word' id='word_1_326' title='bbox 873 4516 1052 4597; x_wconf 70' lang='lat' dir='ltr'>Benedicti</span> <span class='ocrx_word' id='word_1_327' title='bbox 1079 4518 1178 4597; x_wconf 87' lang='lat' dir='ltr'>XIV.</span> <span class='ocrx_word' id='word_1_328' title='bbox 1215 4522 1490 4621; x_wconf 87' lang='lat' dir='ltr'>pontificatum,</span> <span class='ocrx_word' id='word_1_329' title='bbox 1529 4524 1591 4625; x_wconf 88' lang='lat' dir='ltr'>qui</span> <span class='ocrx_word' id='word_1_330' title='bbox 1626 4516 1725 4599; x_wconf 70' lang='lat' dir='ltr'>taut</span> 
     </span>
     <span class='ocr_line' id='line_1_38' title="bbox 185 4611 1721 4730; baseline 0.008 -41"><span class='ocrx_word' id='word_1_331' title='bbox 185 4611 325 4710; x_wconf 83' lang='lat' dir='ltr'>Tertii,</span> <span class='ocrx_word' id='word_1_332' title='bbox 350 4614 548 4695; x_wconf 83' lang='lat' dir='ltr'>&amp;Urbani</span> <span class='ocrx_word' id='word_1_333' title='bbox 573 4614 703 4694; x_wconf 75' lang='lat' dir='ltr'>Octavi</span> <span class='ocrx_word' id='word_1_334' title='bbox 729 4619 998 4701; x_wconf 79' lang='lat' dir='ltr'>constitutiones</span> <span class='ocrx_word' id='word_1_335' title='bbox 1023 4624 1209 4705; x_wconf 87' lang='lat' dir='ltr'>innovavit</span> <span class='ocrx_word' id='word_1_336' title='bbox 1234 4632 1328 4721; x_wconf 87' lang='lat' dir='ltr'>(c).</span> <span class='ocrx_word' id='word_1_337' title='bbox 1355 4626 1405 4705; x_wconf 89' lang='lat' dir='ltr'>Et</span> <span class='ocrx_word' id='word_1_338' title='bbox 1430 4652 1656 4730; x_wconf 83' lang='lat' dir='ltr'>quamquam</span> <span class='ocrx_word' id='word_1_339' title='bbox 1681 4622 1721 4701; x_wconf 85' lang='lat' dir='ltr'>ab</span> 
     </span>
    </p>

    <p class='ocr_par' dir='ltr' id='par_1_9' title="bbox 181 4756 1725 4900">
     <span class='ocr_line' id='line_1_39' title="bbox 1618 4756 1683 4809; baseline -0.031 0"><span class='ocrx_word' id='word_1_340' title='bbox 1618 4756 1683 4809; x_wconf 89' lang='lat' dir='ltr'>an·</span> 
     </span>
     <span class='ocr_line' id='line_1_40' title="bbox 181 4848 1725 4900; baseline 0.006 -19"><span class='ocrx_word' id='word_1_341' title='bbox 181 4848 1725 4900; x_wconf 47' lang='grc' dir='ltr'>Ἣ</span> 
     </span>
    </p>
   </div>
   <div class='ocr_carea' id='block_1_7' title="bbox 240 4994 1436 5149">
    <p class='ocr_par' dir='ltr' id='par_1_10' title="bbox 240 4994 1436 5149">
     <span class='ocr_line' id='line_1_41' title="bbox 328 4994 1436 5080; baseline 0.025 -34"><span class='ocrx_word' id='word_1_342' title='bbox 328 5066 334 5077; x_wconf 34' lang='lat'><strong>·</strong></span> <span class='ocrx_word' id='word_1_343' title='bbox 355 5026 364 5043; x_wconf 83' lang='lat'><strong>.</strong></span> <span class='ocrx_word' id='word_1_344' title='bbox 383 5000 413 5080; x_wconf 68' lang='grc' dir='ltr'>ς.</span> <span class='ocrx_word' id='word_1_345' title='bbox 432 4994 480 5051; x_wconf 73' lang='lat' dir='ltr'>tir.</span> <span class='ocrx_word' id='word_1_346' title='bbox 503 5016 528 5051; x_wconf 76' lang='grc' dir='ltr'>ι.</span> <span class='ocrx_word' id='word_1_347' title='bbox 547 5000 599 5061; x_wconf 75' lang='lat' dir='ltr'>iib-</span> <span class='ocrx_word' id='word_1_348' title='bbox 619 5013 649 5056; x_wconf 80' lang='lat' dir='ltr'>r.</span> <span class='ocrx_word' id='word_1_349' title='bbox 669 5002 766 5071; x_wconf 76' lang='lat' dir='ltr'>Recop.</span> <span class='ocrx_word' id='word_1_350' title='bbox 785 5002 822 5066; x_wconf 70' lang='lat' dir='ltr'>dr</span> <span class='ocrx_word' id='word_1_351' title='bbox 840 5002 905 5063; x_wconf 81' lang='lat' dir='ltr'>ind.</span> <span class='ocrx_word' id='word_1_352' title='bbox 945 5002 1005 5077; x_wconf 72' lang='lat' dir='ltr'>ib)</span> <span class='ocrx_word' id='word_1_353' title='bbox 1025 5006 1069 5069; x_wconf 81' lang='lat' dir='ltr'>ci.</span> <span class='ocrx_word' id='word_1_354' title='bbox 1089 5006 1236 5077; x_wconf 74' lang='lat' dir='ltr'>clemens,</span> <span class='ocrx_word' id='word_1_355' title='bbox 1256 5002 1363 5071; x_wconf 65' lang='lat' dir='ltr'>Derai·</span> <span class='ocrx_word' id='word_1_356' title='bbox 1389 5024 1436 5073; x_wconf 74' lang='lat' dir='ltr'>tr·</span> 
     </span>
     <span class='ocr_line' id='line_1_42' title="bbox 240 5064 661 5149; baseline 0.043 -28"><span class='ocrx_word' id='word_1_357' title='bbox 240 5084 255 5121; x_wconf 89' lang='lat' dir='ltr'>e</span> <span class='ocrx_word' id='word_1_358' title='bbox 297 5064 364 5125; x_wconf 70' lang='grc' dir='ltr'>Μ.</span> <span class='ocrx_word' id='word_1_359' title='bbox 382 5068 481 5145; x_wconf 58' lang='lat' dir='ltr'>enfin,</span> <span class='ocrx_word' id='word_1_360' title='bbox 500 5074 572 5137; x_wconf 72' lang='lat' dir='ltr'>Ord-</span> <span class='ocrx_word' id='word_1_361' title='bbox 593 5090 661 5149; x_wconf 78' lang='lat' dir='ltr'>m-</span> 
     </span>
    </p>
   </div>
   <div class='ocr_carea' id='block_1_8' title="bbox 0 0 1932 5678">
    <p class='ocr_par' dir='ltr' id='par_1_11' title="bbox 0 0 1932 5678">
     <span class='ocr_line' id='line_1_43' title="bbox 0 0 1932 5678; baseline 0 6"><span class='ocrx_word' id='word_1_362' title='bbox 0 0 1932 5678; x_wconf 95' lang='lat' dir='ltr'> </span> 
     </span>
    </p>
   </div>
  </div>
 </body>
</html>
