<?xml version="1.0" encoding="UTF-8"?>
<!DOCTYPE html PUBLIC "-//W3C//DTD XHTML 1.0 Transitional//EN"
    "http://www.w3.org/TR/xhtml1/DTD/xhtml1-transitional.dtd">
<html xmlns="http://www.w3.org/1999/xhtml" xml:lang="en" lang="en">
 <head>
  <title>
</title>
<meta http-equiv="Content-Type" content="text/html;charset=utf-8" />
  <meta name='ocr-system' content='tesseract 3.04.00' />
  <meta name='ocr-capabilities' content='ocr_page ocr_carea ocr_par ocr_line ocrx_word'/>
</head>
<body>
  <div class='ocr_page' id='page_1' title='image "./fastinoviorbise00moregoog_0269.png"; bbox 0 0 3864 5686; ppageno 0'>
   <div class='ocr_carea' id='block_1_1' title="bbox 243 307 1250 409">
    <p class='ocr_par' dir='ltr' id='par_1_1' title="bbox 243 307 1250 409">
     <span class='ocr_line' id='line_1_1' title="bbox 243 307 1250 409; baseline -0.003 -23"><span class='ocrx_word' id='word_1_1' title='bbox 243 309 317 409; x_wconf 75' lang='lat'>258</span> <span class='ocrx_word' id='word_1_2' title='bbox 670 307 1250 389; x_wconf 78' lang='lat' dir='ltr'>Onoruartouas</span> 
     </span>
    </p>
   </div>
   <div class='ocr_carea' id='block_1_2' title="bbox 84 441 1741 2482">
    <p class='ocr_par' dir='ltr' id='par_1_2' title="bbox 189 441 1730 959">
     <span class='ocr_line' id='line_1_2' title="bbox 189 441 1729 565; baseline -0.003 -37"><span class='ocrx_word' id='word_1_3' title='bbox 189 473 231 529; x_wconf 86' lang='lat' dir='ltr'>ut</span> <span class='ocrx_word' id='word_1_4' title='bbox 255 447 364 525; x_wconf 88' lang='lat' dir='ltr'>fidem</span> <span class='ocrx_word' id='word_1_5' title='bbox 390 446 477 525; x_wconf 87' lang='lat' dir='ltr'>facit</span> <span class='ocrx_word' id='word_1_6' title='bbox 500 447 708 525; x_wconf 75' lang='lat' dir='ltr'>Concilium</span> <span class='ocrx_word' id='word_1_7' title='bbox 733 444 898 523; x_wconf 86' lang='lat' dir='ltr'>Limense</span> <span class='ocrx_word' id='word_1_8' title='bbox 924 447 1010 533; x_wconf 83' lang='lat' dir='ltr'>anni</span> <span class='ocrx_word' id='word_1_9' title='bbox 1027 445 1148 565; x_wconf 26' lang='lat'>⁹158}</span> <span class='ocrx_word' id='word_1_10' title='bbox 1178 466 1214 547; x_wconf 84' lang='lat'>3.</span> <span class='ocrx_word' id='word_1_11' title='bbox 1238 442 1349 559; x_wconf 75' lang='lat' dir='ltr'>Qud</span> <span class='ocrx_word' id='word_1_12' title='bbox 1375 441 1601 564; x_wconf 82' lang='lat' dir='ltr'>factrltaahlc</span> <span class='ocrx_word' id='word_1_13' title='bbox 1627 445 1662 524; x_wconf 88' lang='grc' dir='ltr'><strong><em>Ε</em></strong></span> <span class='ocrx_word' id='word_1_14' title='bbox 1687 447 1729 524; x_wconf 89' lang='lat' dir='ltr'>is·</span> 
     </span>
     <span class='ocr_line' id='line_1_3' title="bbox 190 546 1730 758; baseline -0.003 -25"><span class='ocrx_word' id='word_1_15' title='bbox 190 546 1730 758; x_wconf 54' lang='lat' dir='ltr'>saltatllstlatllittlstllltthlllel·stlaltttt‘lluslthllt</span> 
     </span>
     <span class='ocr_line' id='line_1_4' title="bbox 190 753 1726 856; baseline -0.003 -22"><span class='ocrx_word' id='word_1_16' title='bbox 190 762 239 834; x_wconf 91' lang='lat' dir='ltr'>do</span> <span class='ocrx_word' id='word_1_17' title='bbox 264 753 362 831; x_wconf 87' lang='lat' dir='ltr'>suilfe</span> <span class='ocrx_word' id='word_1_18' title='bbox 387 760 450 854; x_wconf 90' lang='lat' dir='ltr'>qui</span> <span class='ocrx_word' id='word_1_19' title='bbox 473 756 692 856; x_wconf 88' lang='lat' dir='ltr'>dispensandi</span> <span class='ocrx_word' id='word_1_20' title='bbox 730 755 847 850; x_wconf 91' lang='lat' dir='ltr'>sunt,</span> <span class='ocrx_word' id='word_1_21' title='bbox 884 779 966 830; x_wconf 91' lang='lat' dir='ltr'>cum</span> <span class='ocrx_word' id='word_1_22' title='bbox 1006 757 1178 854; x_wconf 82' lang='lat' dir='ltr'>illegitimi</span> <span class='ocrx_word' id='word_1_23' title='bbox 1205 754 1337 829; x_wconf 89' lang='lat' dir='ltr'>habiles</span> <span class='ocrx_word' id='word_1_24' title='bbox 1372 779 1554 852; x_wconf 89' lang='lat' dir='ltr'>nunquam</span> <span class='ocrx_word' id='word_1_25' title='bbox 1586 754 1726 831; x_wconf 81' lang='lat' dir='ltr'>fuerim</span> 
     </span>
     <span class='ocr_line' id='line_1_5' title="bbox 197 856 1701 959; baseline -0.005 -24"><span class='ocrx_word' id='word_1_26' title='bbox 197 861 323 959; x_wconf 77' lang='lat' dir='ltr'>quippe</span> <span class='ocrx_word' id='word_1_27' title='bbox 350 856 519 933; x_wconf 88' lang='lat' dir='ltr'>inhabiles</span> <span class='ocrx_word' id='word_1_28' title='bbox 541 869 564 935; x_wconf 78' lang='lat' dir='ltr'>‘a</span> <span class='ocrx_word' id='word_1_29' title='bbox 589 859 785 933; x_wconf 75' lang='lat' dir='ltr'>natatibus.</span> <span class='ocrx_word' id='word_1_30' title='bbox 1697 920 1701 927; x_wconf 93' lang='lat'><em>.</em></span> 
     </span>
    </p>

    <p class='ocr_par' dir='ltr' id='par_1_3' title="bbox 191 953 1734 1773">
     <span class='ocr_line' id='line_1_6' title="bbox 295 953 1734 1061; baseline -0.001 -26"><span class='ocrx_word' id='word_1_31' title='bbox 295 985 332 1060; x_wconf 92' lang='lat'>4.</span> <span class='ocrx_word' id='word_1_32' title='bbox 359 956 469 1056; x_wconf 83' lang='lat' dir='ltr'>Qrod</span> <span class='ocrx_word' id='word_1_33' title='bbox 493 962 537 1037; x_wconf 89' lang='lat' dir='ltr'>de</span> <span class='ocrx_word' id='word_1_34' title='bbox 563 962 768 1061; x_wconf 73' lang='lat' dir='ltr'>punitentia</span> <span class='ocrx_word' id='word_1_35' title='bbox 796 960 973 1059; x_wconf 81' lang='lat' dir='ltr'>implenda</span> <span class='ocrx_word' id='word_1_36' title='bbox 983 961 1134 1052; x_wconf 92' lang='lat' dir='ltr'>dicitur,</span> <span class='ocrx_word' id='word_1_37' title='bbox 1161 958 1313 1036; x_wconf 87' lang='lat' dir='ltr'>ostendit</span> <span class='ocrx_word' id='word_1_38' title='bbox 1338 956 1550 1037; x_wconf 86' lang='lat' dir='ltr'>facultatem</span> <span class='ocrx_word' id='word_1_39' title='bbox 1574 953 1734 1037; x_wconf 72' lang='lat' dir='ltr'>nonref⁴</span> 
     </span>
     <span class='ocr_line' id='line_1_7' title="bbox 191 1059 1731 1164; baseline -0.001 -26"><span class='ocrx_word' id='word_1_40' title='bbox 191 1067 305 1164; x_wconf 87' lang='lat' dir='ltr'>picere</span> <span class='ocrx_word' id='word_1_41' title='bbox 332 1064 556 1160; x_wconf 85' lang='lat' dir='ltr'>illegitimos,</span> <span class='ocrx_word' id='word_1_42' title='bbox 592 1063 651 1162; x_wconf 90' lang='lat' dir='ltr'>qui</span> <span class='ocrx_word' id='word_1_43' title='bbox 690 1059 867 1137; x_wconf 89' lang='lat' dir='ltr'>nonsunt</span> <span class='ocrx_word' id='word_1_44' title='bbox 894 1065 1080 1161; x_wconf 88' lang='lat' dir='ltr'>inculpa,</span> <span class='ocrx_word' id='word_1_45' title='bbox 1114 1062 1175 1137; x_wconf 88' lang='lat' dir='ltr'>sed</span> <span class='ocrx_word' id='word_1_46' title='bbox 1194 1073 1361 1161; x_wconf 84' lang='lat' dir='ltr'>parentes</span> <span class='ocrx_word' id='word_1_47' title='bbox 1398 1087 1542 1138; x_wconf 88' lang='lat' dir='ltr'>eorum.</span> <span class='ocrx_word' id='word_1_48' title='bbox 1580 1063 1631 1138; x_wconf 87' lang='lat' dir='ltr'>Et</span> <span class='ocrx_word' id='word_1_49' title='bbox 1659 1061 1731 1137; x_wconf 78' lang='lat' dir='ltr'>hac</span> 
     </span>
     <span class='ocr_line' id='line_1_8' title="bbox 192 1162 1732 1263; baseline -0.003 -21"><span class='ocrx_word' id='word_1_50' title='bbox 192 1167 331 1242; x_wconf 86' lang='lat' dir='ltr'>ratione</span> <span class='ocrx_word' id='word_1_51' title='bbox 358 1168 577 1261; x_wconf 70' lang='lat' dir='ltr'>praecluditur</span> <span class='ocrx_word' id='word_1_52' title='bbox 600 1163 717 1241; x_wconf 77' lang='lat' dir='ltr'>erasto</span> <span class='ocrx_word' id='word_1_53' title='bbox 753 1162 791 1239; x_wconf 85' lang='lat' dir='ltr'>P.</span> <span class='ocrx_word' id='word_1_54' title='bbox 819 1165 924 1240; x_wconf 87' lang='lat' dir='ltr'>Avila</span> <span class='ocrx_word' id='word_1_55' title='bbox 952 1167 1044 1263; x_wconf 92' lang='lat' dir='ltr'>apud</span> <span class='ocrx_word' id='word_1_56' title='bbox 1069 1165 1130 1241; x_wconf 83' lang='lat' dir='ltr'>cit.</span> <span class='ocrx_word' id='word_1_57' title='bbox 1168 1162 1408 1261; x_wconf 85' lang='lat' dir='ltr'>Montenegro</span> <span class='ocrx_word' id='word_1_58' title='bbox 1433 1164 1619 1253; x_wconf 82' lang='lat' dir='ltr'>judicantis</span> <span class='ocrx_word' id='word_1_59' title='bbox 1656 1165 1732 1239; x_wconf 87' lang='lat' dir='ltr'>ille·</span> 
     </span>
     <span class='ocr_line' id='line_1_9' title="bbox 194 1264 1733 1367; baseline 0 -26"><span class='ocrx_word' id='word_1_60' title='bbox 194 1269 426 1363; x_wconf 72' lang='lat' dir='ltr'>gitirniratem</span> <span class='ocrx_word' id='word_1_61' title='bbox 451 1264 517 1342; x_wconf 88' lang='lat' dir='ltr'>else</span> <span class='ocrx_word' id='word_1_62' title='bbox 545 1268 588 1342; x_wconf 86' lang='lat' dir='ltr'>ab</span> <span class='ocrx_word' id='word_1_63' title='bbox 614 1267 790 1366; x_wconf 87' lang='lat' dir='ltr'>Episcopis</span> <span class='ocrx_word' id='word_1_64' title='bbox 828 1293 888 1364; x_wconf 91' lang='lat' dir='ltr'>per</span> <span class='ocrx_word' id='word_1_65' title='bbox 914 1267 1136 1367; x_wconf 85' lang='lat' dir='ltr'>privilegium</span> <span class='ocrx_word' id='word_1_66' title='bbox 1171 1265 1314 1364; x_wconf 69' lang='lat' dir='ltr'>presens</span> <span class='ocrx_word' id='word_1_67' title='bbox 1349 1264 1650 1363; x_wconf 85' lang='lat' dir='ltr'>dispensabilem,</span> <span class='ocrx_word' id='word_1_68' title='bbox 1686 1286 1733 1341; x_wconf 87' lang='lat' dir='ltr'>eo</span> 
     </span>
     <span class='ocr_line' id='line_1_10' title="bbox 194 1365 1734 1469; baseline 0.001 -29"><span class='ocrx_word' id='word_1_69' title='bbox 194 1370 290 1467; x_wconf 87' lang='lat' dir='ltr'>quod</span> <span class='ocrx_word' id='word_1_70' title='bbox 317 1367 365 1442; x_wconf 87' lang='lat' dir='ltr'>cst</span> <span class='ocrx_word' id='word_1_71' title='bbox 392 1371 627 1464; x_wconf 79' lang='lat' dir='ltr'>irregularitas</span> <span class='ocrx_word' id='word_1_72' title='bbox 652 1394 694 1442; x_wconf 85' lang='lat' dir='ltr'>ex</span> <span class='ocrx_word' id='word_1_73' title='bbox 720 1369 866 1463; x_wconf 66' lang='lat' dir='ltr'>delislo,</span> <span class='ocrx_word' id='word_1_74' title='bbox 893 1366 1023 1444; x_wconf 91' lang='lat' dir='ltr'>scilicet</span> <span class='ocrx_word' id='word_1_75' title='bbox 1052 1392 1257 1469; x_wconf 45' lang='lat' dir='ltr'>parentum,</span> <span class='ocrx_word' id='word_1_76' title='bbox 1278 1365 1531 1460; x_wconf 83' lang='lat' dir='ltr'>Praeduditur,</span> <span class='ocrx_word' id='word_1_77' title='bbox 1558 1367 1734 1465; x_wconf 86' lang='lat' dir='ltr'>inquam,</span> 
     </span>
     <span class='ocr_line' id='line_1_11' title="bbox 195 1466 1730 1568; baseline -0.003 -24"><span class='ocrx_word' id='word_1_78' title='bbox 195 1496 281 1544; x_wconf 90' lang='lat' dir='ltr'>narn</span> <span class='ocrx_word' id='word_1_79' title='bbox 309 1471 383 1552; x_wconf 86' lang='lat' dir='ltr'>vult</span> <span class='ocrx_word' id='word_1_80' title='bbox 413 1468 574 1545; x_wconf 79' lang='lat' dir='ltr'>Pontifex</span> <span class='ocrx_word' id='word_1_81' title='bbox 598 1492 638 1546; x_wconf 91' lang='lat' dir='ltr'>ut</span> <span class='ocrx_word' id='word_1_82' title='bbox 665 1470 685 1543; x_wconf 76' lang='grc' dir='ltr'>ὲ</span> <span class='ocrx_word' id='word_1_83' title='bbox 710 1471 838 1544; x_wconf 73' lang='grc' dir='ltr'>ἀοίἰέὶο</span> <span class='ocrx_word' id='word_1_84' title='bbox 865 1471 1015 1545; x_wconf 90' lang='lat' dir='ltr'>absoluti</span> <span class='ocrx_word' id='word_1_85' title='bbox 1040 1488 1211 1545; x_wconf 83' lang='lat' dir='ltr'>rtraneant</span> <span class='ocrx_word' id='word_1_86' title='bbox 1238 1471 1442 1568; x_wconf 85' lang='lat' dir='ltr'>irregulares</span> <span class='ocrx_word' id='word_1_87' title='bbox 1469 1470 1505 1543; x_wconf 92' lang='lat' dir='ltr'>in</span> <span class='ocrx_word' id='word_1_88' title='bbox 1532 1466 1613 1544; x_wconf 86' lang='lat' dir='ltr'>foro</span> <span class='ocrx_word' id='word_1_89' title='bbox 1640 1492 1730 1542; x_wconf 89' lang='lat' dir='ltr'>con·</span> 
     </span>
     <span class='ocr_line' id='line_1_12' title="bbox 196 1568 1729 1670; baseline -0.001 -26"><span class='ocrx_word' id='word_1_90' title='bbox 196 1570 371 1662; x_wconf 78' lang='lat' dir='ltr'>scientiae,</span> <span class='ocrx_word' id='word_1_91' title='bbox 397 1569 423 1643; x_wconf 89' lang='lat' dir='ltr'>fi</span> <span class='ocrx_word' id='word_1_92' title='bbox 451 1574 795 1669; x_wconf 83' lang='lat' dir='ltr'>poenitentiamnon</span> <span class='ocrx_word' id='word_1_93' title='bbox 822 1573 1073 1669; x_wconf 71' lang='lat' dir='ltr'>impleverint:</span> <span class='ocrx_word' id='word_1_94' title='bbox 1100 1597 1171 1670; x_wconf 85' lang='lat' dir='ltr'>quo</span> <span class='ocrx_word' id='word_1_95' title='bbox 1196 1572 1278 1646; x_wconf 90' lang='lat' dir='ltr'>fatis</span> <span class='ocrx_word' id='word_1_96' title='bbox 1304 1568 1540 1668; x_wconf 80' lang='lat' dir='ltr'>fignificatur,</span> <span class='ocrx_word' id='word_1_97' title='bbox 1565 1593 1641 1644; x_wconf 88' lang='lat' dir='ltr'>non</span> <span class='ocrx_word' id='word_1_98' title='bbox 1669 1569 1729 1667; x_wconf 84' lang='lat' dir='ltr'>agi</span> 
     </span>
     <span class='ocr_line' id='line_1_13' title="bbox 197 1672 1601 1773; baseline -0.002 -25"><span class='ocrx_word' id='word_1_99' title='bbox 197 1677 241 1748; x_wconf 85' lang='lat' dir='ltr'>de</span> <span class='ocrx_word' id='word_1_100' title='bbox 265 1673 416 1762; x_wconf 75' lang='lat' dir='ltr'>desiero,</span> <span class='ocrx_word' id='word_1_101' title='bbox 443 1674 478 1746; x_wconf 88' lang='lat' dir='ltr'>iu</span> <span class='ocrx_word' id='word_1_102' title='bbox 505 1701 576 1771; x_wconf 86' lang='lat' dir='ltr'>quo</span> <span class='ocrx_word' id='word_1_103' title='bbox 601 1673 668 1750; x_wconf 87' lang='lat' dir='ltr'>frnt</span> <span class='ocrx_word' id='word_1_104' title='bbox 696 1676 901 1748; x_wconf 89' lang='lat' dir='ltr'>innocentes</span> <span class='ocrx_word' id='word_1_105' title='bbox 927 1676 986 1773; x_wconf 83' lang='lat' dir='ltr'>qui</span> <span class='ocrx_word' id='word_1_106' title='bbox 1011 1672 1230 1773; x_wconf 86' lang='lat' dir='ltr'>dispensandi</span> <span class='ocrx_word' id='word_1_107' title='bbox 1258 1675 1357 1747; x_wconf 88' lang='lat' dir='ltr'>sunt.</span> <span class='ocrx_word' id='word_1_108' title='bbox 1596 1762 1601 1767; x_wconf 83' lang='lat'><strong>.</strong></span> 
     </span>
    </p>

    <p class='ocr_par' dir='ltr' id='par_1_4' title="bbox 84 1770 1741 2482">
     <span class='ocr_line' id='line_1_14' title="bbox 280 1770 1733 1873; baseline 0 -25"><span class='ocrx_word' id='word_1_109' title='bbox 280 1778 336 1872; x_wconf 57' lang='lat'>²5.</span> <span class='ocrx_word' id='word_1_110' title='bbox 362 1771 472 1868; x_wconf 83' lang='lat' dir='ltr'>Qrod</span> <span class='ocrx_word' id='word_1_111' title='bbox 497 1776 645 1849; x_wconf 88' lang='lat' dir='ltr'>Senatus</span> <span class='ocrx_word' id='word_1_112' title='bbox 683 1775 1072 1873; x_wconf 86' lang='lat' dir='ltr'>Indicusreprelrendit</span> <span class='ocrx_word' id='word_1_113' title='bbox 1109 1775 1162 1848; x_wconf 90' lang='lat' dir='ltr'>lll.</span> <span class='ocrx_word' id='word_1_114' title='bbox 1198 1774 1378 1850; x_wconf 89' lang='lat' dir='ltr'>Guerrcro</span> <span class='ocrx_word' id='word_1_115' title='bbox 1408 1770 1733 1872; x_wconf 76' lang='lat' dir='ltr'>&#39;Archiepiseopum</span> 
     </span>
     <span class='ocr_line' id='line_1_15' title="bbox 90 1868 1734 1975; baseline 0.001 -25"><span class='ocrx_word' id='word_1_116' title='bbox 90 1868 94 1874; x_wconf 65' lang='grc'><strong>’</strong></span> <span class='ocrx_word' id='word_1_117' title='bbox 189 1872 394 1951; x_wconf 82' lang='lat' dir='ltr'>‘Limanum</span> <span class='ocrx_word' id='word_1_118' title='bbox 421 1877 662 1951; x_wconf 89' lang='lat' dir='ltr'>consuetudini</span> <span class='ocrx_word' id='word_1_119' title='bbox 690 1875 868 1961; x_wconf 86' lang='lat' dir='ltr'>faventem</span> <span class='ocrx_word' id='word_1_120' title='bbox 894 1875 1111 1975; x_wconf 89' lang='lat' dir='ltr'>dispensandi</span> <span class='ocrx_word' id='word_1_121' title='bbox 1138 1878 1362 1973; x_wconf 87' lang='lat' dir='ltr'>illegitimos.</span> <span class='ocrx_word' id='word_1_122' title='bbox 1392 1883 1427 1950; x_wconf 90' lang='lat'>6.</span> <span class='ocrx_word' id='word_1_123' title='bbox 1455 1872 1564 1970; x_wconf 82' lang='lat' dir='ltr'>Qtod</span> <span class='ocrx_word' id='word_1_124' title='bbox 1589 1898 1652 1972; x_wconf 90' lang='lat' dir='ltr'>per</span> <span class='ocrx_word' id='word_1_125' title='bbox 1673 1894 1734 1951; x_wconf 61' lang='lat' dir='ltr'>tet</span> 
     </span>
     <span class='ocr_line' id='line_1_16' title="bbox 84 1968 1735 2093; baseline -0.002 -40"><span class='ocrx_word' id='word_1_126' title='bbox 84 2032 90 2045; x_wconf 49' lang='lat'><em>1</em></span> <span class='ocrx_word' id='word_1_127' title='bbox 196 1980 294 2075; x_wconf 79' lang='lat' dir='ltr'>giam</span> <span class='ocrx_word' id='word_1_128' title='bbox 321 1968 524 2053; x_wconf 80' lang='lat' dir='ltr'>schedulam</span> <span class='ocrx_word' id='word_1_129' title='bbox 549 1980 673 2053; x_wconf 87' lang='lat' dir='ltr'>datam</span> <span class='ocrx_word' id='word_1_130' title='bbox 701 2003 761 2052; x_wconf 86' lang='lat'>21.</span> <span class='ocrx_word' id='word_1_131' title='bbox 788 1978 868 2075; x_wconf 78' lang='lat' dir='ltr'>Jan.</span> <span class='ocrx_word' id='word_1_132' title='bbox 901 2003 1006 2076; x_wconf 74' lang='lat'>¹594·</span> <span class='ocrx_word' id='word_1_133' title='bbox 1034 1979 1254 2071; x_wconf 88' lang='lat' dir='ltr'>mandatur,</span> <span class='ocrx_word' id='word_1_134' title='bbox 1279 1981 1352 2093; x_wconf 65' lang='lat' dir='ltr'>Qec</span> <span class='ocrx_word' id='word_1_135' title='bbox 1387 2002 1452 2075; x_wconf 93' lang='lat' dir='ltr'>por</span> <span class='ocrx_word' id='word_1_136' title='bbox 1485 1979 1648 2071; x_wconf 87' lang='lat' dir='ltr'>ningtrna</span> <span class='ocrx_word' id='word_1_137' title='bbox 1673 1974 1735 2050; x_wconf 81' lang='lat' dir='ltr'>via</span> 
     </span>
     <span class='ocr_line' id='line_1_17' title="bbox 196 2077 1733 2178; baseline -0.003 -23"><span class='ocrx_word' id='word_1_138' title='bbox 196 2082 251 2155; x_wconf 85' lang='lat' dir='ltr'>los</span> <span class='ocrx_word' id='word_1_139' title='bbox 274 2077 423 2176; x_wconf 87' lang='lat' dir='ltr'>Obifpos</span> <span class='ocrx_word' id='word_1_140' title='bbox 447 2082 490 2154; x_wconf 88' lang='lat' dir='ltr'>de</span> <span class='ocrx_word' id='word_1_141' title='bbox 516 2080 567 2154; x_wconf 87' lang='lat' dir='ltr'>las</span> <span class='ocrx_word' id='word_1_142' title='bbox 592 2080 712 2155; x_wconf 86' lang='lat' dir='ltr'>Iudias</span> <span class='ocrx_word' id='word_1_143' title='bbox 736 2084 890 2154; x_wconf 86' lang='lat' dir='ltr'>ordenen</span> <span class='ocrx_word' id='word_1_144' title='bbox 924 2085 1058 2177; x_wconf 85' lang='lat' dir='ltr'>ningun</span> <span class='ocrx_word' id='word_1_145' title='bbox 1095 2080 1282 2177; x_wconf 89' lang='lat' dir='ltr'>illegitimo</span> <span class='ocrx_word' id='word_1_146' title='bbox 1309 2134 1317 2152; x_wconf 90' lang='lat'><strong>.</strong></span> <span class='ocrx_word' id='word_1_147' title='bbox 1346 2132 1355 2152; x_wconf 90' lang='lat'><strong>.</strong></span> <span class='ocrx_word' id='word_1_148' title='bbox 1383 2131 1392 2151; x_wconf 92' lang='lat'><strong><em>.</em></strong></span> <span class='ocrx_word' id='word_1_149' title='bbox 1419 2104 1442 2171; x_wconf 87' lang='lat' dir='ltr'><strong>y</strong></span> <span class='ocrx_word' id='word_1_150' title='bbox 1465 2103 1531 2178; x_wconf 90' lang='lat' dir='ltr'>que</span> <span class='ocrx_word' id='word_1_151' title='bbox 1559 2096 1733 2175; x_wconf 84' lang='lat' dir='ltr'>tampoco</span> 
     </span>
     <span class='ocr_line' id='line_1_18' title="bbox 200 2178 1735 2279; baseline -0.001 -24"><span class='ocrx_word' id='word_1_152' title='bbox 200 2178 379 2278; x_wconf 88' lang='lat' dir='ltr'>dispeusen</span> <span class='ocrx_word' id='word_1_153' title='bbox 405 2205 474 2255; x_wconf 92' lang='lat' dir='ltr'>con</span> <span class='ocrx_word' id='word_1_154' title='bbox 501 2184 608 2273; x_wconf 89' lang='lat' dir='ltr'>ellos,</span> <span class='ocrx_word' id='word_1_155' title='bbox 635 2205 772 2278; x_wconf 88' lang='lat' dir='ltr'>aunque</span> <span class='ocrx_word' id='word_1_156' title='bbox 797 2178 852 2256; x_wconf 88' lang='lat' dir='ltr'>fea</span> <span class='ocrx_word' id='word_1_157' title='bbox 879 2207 960 2279; x_wconf 89' lang='lat' dir='ltr'>para</span> <span class='ocrx_word' id='word_1_158' title='bbox 989 2179 1172 2256; x_wconf 86' lang='lat' dir='ltr'>beneficios</span> <span class='ocrx_word' id='word_1_159' title='bbox 1198 2183 1346 2255; x_wconf 90' lang='lat' dir='ltr'>curados</span> <span class='ocrx_word' id='word_1_160' title='bbox 1371 2181 1415 2254; x_wconf 92' lang='lat' dir='ltr'>de</span> <span class='ocrx_word' id='word_1_161' title='bbox 1449 2178 1608 2272; x_wconf 88' lang='lat' dir='ltr'>Indios,</span> <span class='ocrx_word' id='word_1_162' title='bbox 1669 2200 1735 2253; x_wconf 83' lang='lat' dir='ltr'>nes</span> 
     </span>
     <span class='ocr_line' id='line_1_19' title="bbox 197 2204 1741 2380; baseline -0.001 -26"><span class='ocrx_word' id='word_1_163' title='bbox 197 2283 234 2356; x_wconf 88' lang='lat' dir='ltr'>la</span> <span class='ocrx_word' id='word_1_164' title='bbox 258 2279 497 2380; x_wconf 80' lang='lat' dir='ltr'>dispensacion</span> <span class='ocrx_word' id='word_1_165' title='bbox 522 2284 565 2357; x_wconf 88' lang='lat' dir='ltr'>de</span> <span class='ocrx_word' id='word_1_166' title='bbox 590 2308 665 2357; x_wconf 90' lang='lat' dir='ltr'>uno</span> <span class='ocrx_word' id='word_1_167' title='bbox 690 2308 711 2377; x_wconf 91' lang='lat' dir='ltr'>y</span> <span class='ocrx_word' id='word_1_168' title='bbox 737 2306 819 2357; x_wconf 92' lang='lat' dir='ltr'>otro</span> <span class='ocrx_word' id='word_1_169' title='bbox 844 2285 920 2358; x_wconf 91' lang='lat' dir='ltr'>solo</span> <span class='ocrx_word' id='word_1_170' title='bbox 945 2287 977 2356; x_wconf 86' lang='lat' dir='ltr'>la</span> <span class='ocrx_word' id='word_1_171' title='bbox 992 2286 1098 2380; x_wconf 87' lang='lat' dir='ltr'>puede</span> <span class='ocrx_word' id='word_1_172' title='bbox 1124 2284 1188 2356; x_wconf 90' lang='lat' dir='ltr'>dar</span> <span class='ocrx_word' id='word_1_173' title='bbox 1212 2285 1250 2356; x_wconf 90' lang='lat' dir='ltr'>el</span> <span class='ocrx_word' id='word_1_174' title='bbox 1264 2282 1414 2357; x_wconf 89' lang='lat' dir='ltr'>Summo</span> <span class='ocrx_word' id='word_1_175' title='bbox 1440 2283 1620 2371; x_wconf 80' lang='lat' dir='ltr'>Pontifice.</span> <span class='ocrx_word' id='word_1_176' title='bbox 1641 2204 1741 2375; x_wconf 49' lang='lat' dir='ltr'>&amp;ri</span> 
     </span>
     <span class='ocr_line' id='line_1_20' title="bbox 199 2369 1741 2482; baseline -0.002 -23"><span class='ocrx_word' id='word_1_177' title='bbox 199 2381 262 2459; x_wconf 77' lang='lat' dir='ltr'>bus</span> <span class='ocrx_word' id='word_1_178' title='bbox 288 2385 377 2458; x_wconf 85' lang='lat' dir='ltr'>addc</span> <span class='ocrx_word' id='word_1_179' title='bbox 403 2405 462 2477; x_wconf 87' lang='lat'>7.,</span> <span class='ocrx_word' id='word_1_180' title='bbox 487 2385 584 2481; x_wconf 87' lang='lat' dir='ltr'>quod</span> <span class='ocrx_word' id='word_1_181' title='bbox 611 2387 777 2482; x_wconf 72' lang='lat' dir='ltr'>praeditis:</span> <span class='ocrx_word' id='word_1_182' title='bbox 802 2382 963 2465; x_wconf 80' lang='lat' dir='ltr'>facultati</span> <span class='ocrx_word' id='word_1_183' title='bbox 979 2389 1012 2459; x_wconf 85' lang='lat' dir='ltr'>in</span> <span class='ocrx_word' id='word_1_184' title='bbox 1040 2382 1299 2482; x_wconf 83' lang='lat' dir='ltr'>praesentiarum</span> <span class='ocrx_word' id='word_1_185' title='bbox 1326 2385 1451 2481; x_wconf 79' lang='lat' dir='ltr'>parurn</span> <span class='ocrx_word' id='word_1_186' title='bbox 1477 2383 1659 2458; x_wconf 85' lang='lat' dir='ltr'>fidendum</span> <span class='ocrx_word' id='word_1_187' title='bbox 1689 2369 1741 2457; x_wconf 79' lang='lat' dir='ltr'>es·</span> 
     </span>
    </p>
   </div>
   <div class='ocr_carea' id='block_1_3' title="bbox 9 2482 1739 2584">
    <p class='ocr_par' dir='ltr' id='par_1_5' title="bbox 9 2482 1739 2584">
     <span class='ocr_line' id='line_1_21' title="bbox 9 2482 1739 2584; baseline -0.003 -24"><span class='ocrx_word' id='word_1_188' title='bbox 9 2498 12 2505; x_wconf 86' lang='lat'>&#39;</span> <span class='ocrx_word' id='word_1_189' title='bbox 131 2529 134 2534; x_wconf 94' lang='lat'>·</span> <span class='ocrx_word' id='word_1_190' title='bbox 200 2482 421 2579; x_wconf 76' lang='lat' dir='ltr'>fetidetur,</span> <span class='ocrx_word' id='word_1_191' title='bbox 448 2486 523 2584; x_wconf 89' lang='lat' dir='ltr'>post</span> <span class='ocrx_word' id='word_1_192' title='bbox 549 2512 657 2584; x_wconf 89' lang='lat' dir='ltr'>qnam</span> <span class='ocrx_word' id='word_1_193' title='bbox 682 2482 923 2561; x_wconf 69' lang='lat' dir='ltr'>ferdinandus</span> <span class='ocrx_word' id='word_1_194' title='bbox 949 2488 1015 2560; x_wconf 87' lang='lat' dir='ltr'>Vl.</span> <span class='ocrx_word' id='word_1_195' title='bbox 1042 2488 1121 2565; x_wconf 82' lang='lat' dir='ltr'>Rex</span> <span class='ocrx_word' id='word_1_196' title='bbox 1145 2485 1354 2563; x_wconf 87' lang='lat' dir='ltr'>Catholicus</span> <span class='ocrx_word' id='word_1_197' title='bbox 1391 2487 1539 2561; x_wconf 88' lang='lat' dir='ltr'>indata</span> <span class='ocrx_word' id='word_1_198' title='bbox 1568 2482 1739 2559; x_wconf 73' lang='lat' dir='ltr'>sementa</span> 
     </span>
    </p>
   </div>
   <div class='ocr_carea' id='block_1_4' title="bbox 161 2584 1749 2889">
    <p class='ocr_par' dir='ltr' id='par_1_6' title="bbox 161 2584 1749 2889">
     <span class='ocr_line' id='line_1_22' title="bbox 199 2584 1743 2687; baseline -0.003 -24"><span class='ocrx_word' id='word_1_199' title='bbox 199 2586 245 2663; x_wconf 83' lang='lat' dir='ltr'>ad</span> <span class='ocrx_word' id='word_1_200' title='bbox 270 2584 460 2686; x_wconf 81' lang='lat' dir='ltr'>Episcopus</span> <span class='ocrx_word' id='word_1_201' title='bbox 486 2587 670 2664; x_wconf 88' lang='lat' dir='ltr'>Iudiarum</span> <span class='ocrx_word' id='word_1_202' title='bbox 697 2595 757 2665; x_wconf 90' lang='lat'>26.</span> <span class='ocrx_word' id='word_1_203' title='bbox 785 2588 881 2685; x_wconf 85' lang='lat' dir='ltr'>Sept.</span> <span class='ocrx_word' id='word_1_204' title='bbox 914 2609 1019 2687; x_wconf 86' lang='lat'>1752.</span> <span class='ocrx_word' id='word_1_205' title='bbox 1048 2586 1195 2672; x_wconf 88' lang='lat' dir='ltr'>testatur</span> <span class='ocrx_word' id='word_1_206' title='bbox 1230 2589 1274 2661; x_wconf 87' lang='lat' dir='ltr'>de</span> <span class='ocrx_word' id='word_1_207' title='bbox 1300 2586 1439 2663; x_wconf 90' lang='lat' dir='ltr'>recursu</span> <span class='ocrx_word' id='word_1_208' title='bbox 1476 2589 1534 2686; x_wconf 90' lang='lat' dir='ltr'>qui</span> <span class='ocrx_word' id='word_1_209' title='bbox 1575 2588 1743 2662; x_wconf 77' lang='lat' dir='ltr'>Romam</span> 
     </span>
     <span class='ocr_line' id='line_1_23' title="bbox 161 2685 1749 2787; baseline -0.004 -20"><span class='ocrx_word' id='word_1_210' title='bbox 161 2685 273 2783; x_wconf 41' lang='lat' dir='ltr'>‚fieri</span> <span class='ocrx_word' id='word_1_211' title='bbox 300 2686 388 2765; x_wconf 82' lang='lat' dir='ltr'>solet</span> <span class='ocrx_word' id='word_1_212' title='bbox 412 2708 456 2764; x_wconf 83' lang='lat' dir='ltr'>ex</span> <span class='ocrx_word' id='word_1_213' title='bbox 480 2689 646 2765; x_wconf 77' lang='lat' dir='ltr'>Amerina</span> <span class='ocrx_word' id='word_1_214' title='bbox 673 2716 736 2785; x_wconf 89' lang='lat' dir='ltr'>pro</span> <span class='ocrx_word' id='word_1_215' title='bbox 771 2689 938 2764; x_wconf 83' lang='lat' dir='ltr'>habendis</span> <span class='ocrx_word' id='word_1_216' title='bbox 974 2688 1144 2778; x_wconf 80' lang='lat' dir='ltr'>ejusmodi</span> <span class='ocrx_word' id='word_1_217' title='bbox 1181 2687 1491 2787; x_wconf 85' lang='lat' dir='ltr'>dispensationibus</span> <span class='ocrx_word' id='word_1_218' title='bbox 1533 2687 1749 2786; x_wconf 78' lang='lat' dir='ltr'>illegitimo·</span> 
     </span>
     <span class='ocr_line' id='line_1_24' title="bbox 197 2788 1743 2889; baseline 0 -24"><span class='ocrx_word' id='word_1_219' title='bbox 197 2812 300 2865; x_wconf 84' lang='lat' dir='ltr'>rum.</span> <span class='ocrx_word' id='word_1_220' title='bbox 326 2789 381 2865; x_wconf 77' lang='lat' dir='ltr'>Ac</span> <span class='ocrx_word' id='word_1_221' title='bbox 403 2792 490 2867; x_wconf 90' lang='lat' dir='ltr'>dum</span> <span class='ocrx_word' id='word_1_222' title='bbox 515 2789 693 2889; x_wconf 85' lang='lat' dir='ltr'>Episcopis</span> <span class='ocrx_word' id='word_1_223' title='bbox 719 2792 866 2884; x_wconf 91' lang='lat' dir='ltr'>indicit,</span> <span class='ocrx_word' id='word_1_224' title='bbox 893 2811 932 2865; x_wconf 92' lang='lat' dir='ltr'>ut</span> <span class='ocrx_word' id='word_1_225' title='bbox 958 2791 1132 2865; x_wconf 87' lang='lat' dir='ltr'>Senatum</span> <span class='ocrx_word' id='word_1_226' title='bbox 1159 2789 1323 2866; x_wconf 83' lang='lat' dir='ltr'>Indicum</span> <span class='ocrx_word' id='word_1_227' title='bbox 1349 2791 1519 2866; x_wconf 87' lang='lat' dir='ltr'>instruant</span> <span class='ocrx_word' id='word_1_228' title='bbox 1553 2789 1600 2864; x_wconf 88' lang='lat' dir='ltr'>de</span> <span class='ocrx_word' id='word_1_229' title='bbox 1628 2788 1743 2878; x_wconf 80' lang='lat' dir='ltr'>htrjtts</span> 
     </span>
    </p>
   </div>
   <div class='ocr_carea' id='block_1_5' title="bbox 80 2876 1273 2989">
    <p class='ocr_par' dir='ltr' id='par_1_7' title="bbox 80 2876 1273 2989">
     <span class='ocr_line' id='line_1_25' title="bbox 80 2876 1273 2989; baseline -0.003 -20"><span class='ocrx_word' id='word_1_230' title='bbox 80 2876 84 2912; x_wconf 56' lang='lat'>&#39;¹</span> <span class='ocrx_word' id='word_1_231' title='bbox 201 2891 371 2989; x_wconf 82' lang='lat' dir='ltr'>privilegii</span> <span class='ocrx_word' id='word_1_232' title='bbox 396 2892 512 2984; x_wconf 83' lang='lat' dir='ltr'>statu,</span> <span class='ocrx_word' id='word_1_233' title='bbox 539 2914 611 2966; x_wconf 93' lang='lat' dir='ltr'>non</span> <span class='ocrx_word' id='word_1_234' title='bbox 636 2891 717 2968; x_wconf 87' lang='lat' dir='ltr'>satis</span> <span class='ocrx_word' id='word_1_235' title='bbox 741 2891 885 2968; x_wconf 87' lang='lat' dir='ltr'>firmum</span> <span class='ocrx_word' id='word_1_236' title='bbox 910 2892 998 2967; x_wconf 84' lang='lat' dir='ltr'>illud</span> <span class='ocrx_word' id='word_1_237' title='bbox 1022 2893 1088 2967; x_wconf 83' lang='lat' dir='ltr'>else</span> <span class='ocrx_word' id='word_1_238' title='bbox 1114 2894 1273 2968; x_wconf 81' lang='lat' dir='ltr'>videtur.</span> 
     </span>
    </p>
   </div>
   <div class='ocr_carea' id='block_1_6' title="bbox 303 2989 1756 3094">
    <p class='ocr_par' dir='ltr' id='par_1_8' title="bbox 303 2989 1756 3094">
     <span class='ocr_line' id='line_1_26' title="bbox 303 2989 1756 3094; baseline 0.001 -28"><span class='ocrx_word' id='word_1_239' title='bbox 303 2991 390 3069; x_wconf 68' lang='lat' dir='ltr'>Haec</span> <span class='ocrx_word' id='word_1_240' title='bbox 418 3011 538 3077; x_wconf 78' lang='lat' dir='ltr'>tamen</span> <span class='ocrx_word' id='word_1_241' title='bbox 564 2990 795 3070; x_wconf 85' lang='lat' dir='ltr'>fundamenta</span> <span class='ocrx_word' id='word_1_242' title='bbox 823 3018 947 3094; x_wconf 88' lang='lat' dir='ltr'>parum</span> <span class='ocrx_word' id='word_1_243' title='bbox 973 2995 1090 3070; x_wconf 86' lang='lat' dir='ltr'>valida</span> <span class='ocrx_word' id='word_1_244' title='bbox 1115 2992 1215 3069; x_wconf 88' lang='lat' dir='ltr'>sunt.</span> <span class='ocrx_word' id='word_1_245' title='bbox 1246 3017 1278 3069; x_wconf 86' lang='lat'>1.</span> <span class='ocrx_word' id='word_1_246' title='bbox 1305 2990 1401 3089; x_wconf 81' lang='lat' dir='ltr'>Qtia</span> <span class='ocrx_word' id='word_1_247' title='bbox 1428 2989 1756 3090; x_wconf 62' lang='lat' dir='ltr'>conflitutiopraee</span> 
     </span>
    </p>
   </div>
   <div class='ocr_carea' id='block_1_7' title="bbox 77 3088 1745 3192">
    <p class='ocr_par' dir='ltr' id='par_1_9' title="bbox 77 3088 1745 3192">
     <span class='ocr_line' id='line_1_27' title="bbox 77 3088 1745 3192; baseline -0.001 -22"><span class='ocrx_word' id='word_1_248' title='bbox 77 3106 80 3110; x_wconf 71' lang='grc'>“</span> <span class='ocrx_word' id='word_1_249' title='bbox 202 3089 278 3170; x_wconf 85' lang='lat' dir='ltr'>fens</span> <span class='ocrx_word' id='word_1_250' title='bbox 301 3096 374 3171; x_wconf 93' lang='lat' dir='ltr'>duo</span> <span class='ocrx_word' id='word_1_251' title='bbox 398 3088 581 3189; x_wconf 83' lang='lat' dir='ltr'>eontinet,</span> <span class='ocrx_word' id='word_1_252' title='bbox 608 3092 816 3172; x_wconf 86' lang='lat' dir='ltr'>facultatem</span> <span class='ocrx_word' id='word_1_253' title='bbox 841 3095 1231 3189; x_wconf 88' lang='lat' dir='ltr'>videlicctabsolvendi,</span> <span class='ocrx_word' id='word_1_254' title='bbox 1257 3102 1293 3172; x_wconf 81' lang='lat' dir='ltr'>dc</span> <span class='ocrx_word' id='word_1_255' title='bbox 1317 3096 1526 3175; x_wconf 86' lang='lat' dir='ltr'>facultatem</span> <span class='ocrx_word' id='word_1_256' title='bbox 1536 3093 1745 3192; x_wconf 88' lang='lat' dir='ltr'>dispensan-</span> 
     </span>
    </p>
   </div>
   <div class='ocr_carea' id='block_1_8' title="bbox 188 3195 1743 3399">
    <p class='ocr_par' dir='ltr' id='par_1_10' title="bbox 188 3195 1743 3399">
     <span class='ocr_line' id='line_1_28' title="bbox 188 3195 1743 3297; baseline -0.001 -26"><span class='ocrx_word' id='word_1_257' title='bbox 188 3196 259 3271; x_wconf 82' lang='lat' dir='ltr'>di·</span> <span class='ocrx_word' id='word_1_258' title='bbox 285 3197 333 3273; x_wconf 88' lang='lat' dir='ltr'>Et</span> <span class='ocrx_word' id='word_1_259' title='bbox 359 3196 442 3275; x_wconf 61' lang='lat' dir='ltr'>licst</span> <span class='ocrx_word' id='word_1_260' title='bbox 467 3198 528 3272; x_wconf 91' lang='lat' dir='ltr'>illa</span> <span class='ocrx_word' id='word_1_261' title='bbox 554 3195 725 3274; x_wconf 89' lang='lat' dir='ltr'>referatur</span> <span class='ocrx_word' id='word_1_262' title='bbox 750 3198 795 3272; x_wconf 90' lang='lat' dir='ltr'>ad</span> <span class='ocrx_word' id='word_1_263' title='bbox 820 3199 968 3291; x_wconf 67' lang='lat' dir='ltr'>dalida,</span> <span class='ocrx_word' id='word_1_264' title='bbox 991 3223 1051 3295; x_wconf 83' lang='lat' dir='ltr'>per</span> <span class='ocrx_word' id='word_1_265' title='bbox 1072 3223 1138 3293; x_wconf 80' lang='lat' dir='ltr'>quaa</span> <span class='ocrx_word' id='word_1_266' title='bbox 1155 3199 1363 3273; x_wconf 82' lang='lat' dir='ltr'>contrabitur</span> <span class='ocrx_word' id='word_1_267' title='bbox 1385 3201 1623 3297; x_wconf 73' lang='lat' dir='ltr'>irregularitas</span> <span class='ocrx_word' id='word_1_268' title='bbox 1639 3197 1743 3288; x_wconf 82' lang='lat' dir='ltr'>;haec</span> 
     </span>
     <span class='ocr_line' id='line_1_29' title="bbox 201 3298 1739 3399; baseline -0.002 -24"><span class='ocrx_word' id='word_1_269' title='bbox 201 3319 325 3375; x_wconf 85' lang='lat' dir='ltr'>tamen</span> <span class='ocrx_word' id='word_1_270' title='bbox 348 3301 550 3376; x_wconf 86' lang='lat' dir='ltr'>extenditur</span> <span class='ocrx_word' id='word_1_271' title='bbox 573 3301 617 3372; x_wconf 84' lang='lat' dir='ltr'>ad</span> <span class='ocrx_word' id='word_1_272' title='bbox 641 3298 929 3399; x_wconf 78' lang='lat' dir='ltr'>irregularitatem</span> <span class='ocrx_word' id='word_1_273' title='bbox 954 3328 996 3372; x_wconf 79' lang='lat' dir='ltr'>ex</span> <span class='ocrx_word' id='word_1_274' title='bbox 1021 3301 1100 3372; x_wconf 82' lang='lat' dir='ltr'>aliis</span> <span class='ocrx_word' id='word_1_275' title='bbox 1135 3327 1234 3395; x_wconf 57' lang='lat' dir='ltr'>param</span> <span class='ocrx_word' id='word_1_276' title='bbox 1269 3328 1312 3372; x_wconf 82' lang='lat' dir='ltr'>ex</span> <span class='ocrx_word' id='word_1_277' title='bbox 1343 3302 1511 3398; x_wconf 68' lang='lat' dir='ltr'>preditus</span> <span class='ocrx_word' id='word_1_278' title='bbox 1536 3302 1642 3387; x_wconf 59' lang='lat' dir='ltr'>catasta</span> <span class='ocrx_word' id='word_1_279' title='bbox 1665 3323 1739 3397; x_wconf 82' lang='lat' dir='ltr'>pre·</span> 
     </span>
    </p>
   </div>
   <div class='ocr_carea' id='block_1_9' title="bbox 49 3396 1740 3500">
    <p class='ocr_par' dir='ltr' id='par_1_11' title="bbox 49 3396 1740 3500">
     <span class='ocr_line' id='line_1_30' title="bbox 49 3396 1740 3500; baseline -0.002 -24"><span class='ocrx_word' id='word_1_280' title='bbox 49 3411 54 3416; x_wconf 81' lang='grc'><strong>“</strong></span> <span class='ocrx_word' id='word_1_281' title='bbox 202 3401 409 3493; x_wconf 80' lang='lat' dir='ltr'>venientem,</span> <span class='ocrx_word' id='word_1_282' title='bbox 436 3421 475 3474; x_wconf 92' lang='lat' dir='ltr'>ut</span> <span class='ocrx_word' id='word_1_283' title='bbox 501 3399 551 3474; x_wconf 92' lang='lat' dir='ltr'>est</span> <span class='ocrx_word' id='word_1_284' title='bbox 577 3402 726 3476; x_wconf 89' lang='lat' dir='ltr'>totidem</span> <span class='ocrx_word' id='word_1_285' title='bbox 752 3404 864 3476; x_wconf 88' lang='lat' dir='ltr'>verbis</span> <span class='ocrx_word' id='word_1_286' title='bbox 899 3398 1090 3498; x_wconf 83' lang='lat' dir='ltr'>expressum</span> <span class='ocrx_word' id='word_1_287' title='bbox 1128 3402 1164 3473; x_wconf 86' lang='lat' dir='ltr'>in</span> <span class='ocrx_word' id='word_1_288' title='bbox 1191 3399 1443 3477; x_wconf 89' lang='lat' dir='ltr'>constitutione</span> <span class='ocrx_word' id='word_1_289' title='bbox 1479 3401 1572 3500; x_wconf 89' lang='lat' dir='ltr'>ipsa:</span> <span class='ocrx_word' id='word_1_290' title='bbox 1620 3396 1740 3475; x_wconf 85' lang='lat' dir='ltr'>conse·</span> 
     </span>
    </p>
   </div>
   <div class='ocr_carea' id='block_1_10' title="bbox 53 3502 1783 5138">
    <p class='ocr_par' dir='ltr' id='par_1_12' title="bbox 53 3502 1783 4937">
     <span class='ocr_line' id='line_1_31' title="bbox 159 3502 1739 3677; baseline 0.003 -105"><span class='ocrx_word' id='word_1_291' title='bbox 159 3586 163 3593; x_wconf 70' lang='lat'>‚</span> <span class='ocrx_word' id='word_1_292' title='bbox 201 3520 414 3677; x_wconf 43' lang='lat' dir='ltr'>qufngcrque</span> <span class='ocrx_word' id='word_1_293' title='bbox 438 3503 640 3579; x_wconf 83' lang='lat' dir='ltr'>extenditur</span> <span class='ocrx_word' id='word_1_294' title='bbox 666 3503 710 3578; x_wconf 91' lang='lat' dir='ltr'>ad</span> <span class='ocrx_word' id='word_1_295' title='bbox 735 3524 816 3577; x_wconf 87' lang='lat' dir='ltr'>eam</span> <span class='ocrx_word' id='word_1_296' title='bbox 842 3503 1137 3603; x_wconf 84' lang='lat' dir='ltr'>irregularitatem</span> <span class='ocrx_word' id='word_1_297' title='bbox 1164 3526 1240 3601; x_wconf 84' lang='lat' dir='ltr'>quae</span> <span class='ocrx_word' id='word_1_298' title='bbox 1277 3505 1437 3602; x_wconf 87' lang='lat' dir='ltr'>provenit</span> <span class='ocrx_word' id='word_1_299' title='bbox 1471 3527 1516 3578; x_wconf 83' lang='lat' dir='ltr'>erc</span> <span class='ocrx_word' id='word_1_300' title='bbox 1561 3502 1739 3578; x_wconf 86' lang='lat' dir='ltr'>natalium</span> 
     </span>
     <span class='ocr_line' id='line_1_32' title="bbox 122 3605 1386 3677; baseline 0.006 -8"><span class='ocrx_word' id='word_1_301' title='bbox 122 3660 129 3669; x_wconf 92' lang='lat'>.</span> <span class='ocrx_word' id='word_1_302' title='bbox 201 3605 280 3677; x_wconf 88' lang='lat' dir='ltr'>dee</span> <span class='ocrx_word' id='word_1_303' title='bbox 312 3629 358 3677; x_wconf 82' lang='lat' dir='ltr'>u.</span> <span class='ocrx_word' id='word_1_304' title='bbox 1261 3669 1265 3676; x_wconf 92' lang='lat'>.</span> <span class='ocrx_word' id='word_1_305' title='bbox 1383 3608 1386 3614; x_wconf 83' lang='grc'><strong>’</strong></span> 
     </span>
     <span class='ocr_line' id='line_1_33' title="bbox 68 3700 1739 3825; baseline 0.001 -44"><span class='ocrx_word' id='word_1_306' title='bbox 68 3700 105 3825; x_wconf 58' lang='lat' dir='ltr'><em>j</em></span> <span class='ocrx_word' id='word_1_307' title='bbox 305 3704 414 3783; x_wconf 89' lang='lat' dir='ltr'>Dices</span> <span class='ocrx_word' id='word_1_308' title='bbox 437 3705 649 3787; x_wconf 87' lang='lat' dir='ltr'>facultatem</span> <span class='ocrx_word' id='word_1_309' title='bbox 673 3708 893 3812; x_wconf 87' lang='lat' dir='ltr'>dispensandi</span> <span class='ocrx_word' id='word_1_310' title='bbox 919 3708 1040 3788; x_wconf 87' lang='lat' dir='ltr'>referri</span> <span class='ocrx_word' id='word_1_311' title='bbox 1066 3712 1110 3788; x_wconf 86' lang='lat' dir='ltr'>ad</span> <span class='ocrx_word' id='word_1_312' title='bbox 1133 3705 1260 3811; x_wconf 72' lang='lat' dir='ltr'>easdem</span> <span class='ocrx_word' id='word_1_313' title='bbox 1286 3767 1297 3806; x_wconf 99' lang='lat'>,</span> <span class='ocrx_word' id='word_1_314' title='bbox 1324 3708 1455 3790; x_wconf 90' lang='lat' dir='ltr'>scilicet</span> <span class='ocrx_word' id='word_1_315' title='bbox 1482 3703 1652 3812; x_wconf 76' lang='lat' dir='ltr'>personas</span> <span class='ocrx_word' id='word_1_316' title='bbox 1672 3728 1739 3783; x_wconf 83' lang='lat' dir='ltr'>an-</span> 
     </span>
     <span class='ocr_line' id='line_1_34' title="bbox 53 3807 1752 3910; baseline 0.001 -27"><span class='ocrx_word' id='word_1_317' title='bbox 53 3826 68 3863; x_wconf 70' lang='lat' dir='ltr'><em>s</em></span> <span class='ocrx_word' id='word_1_318' title='bbox 206 3807 415 3886; x_wconf 77' lang='lat' dir='ltr'>rediaomm</span> <span class='ocrx_word' id='word_1_319' title='bbox 440 3832 516 3888; x_wconf 86' lang='lat' dir='ltr'>teas</span> <span class='ocrx_word' id='word_1_320' title='bbox 541 3814 769 3892; x_wconf 73' lang='lat' dir='ltr'>delislonrm.</span> <span class='ocrx_word' id='word_1_321' title='bbox 799 3815 867 3892; x_wconf 86' lang='lat' dir='ltr'>Sed</span> <span class='ocrx_word' id='word_1_322' title='bbox 902 3835 1049 3908; x_wconf 69' lang='lat' dir='ltr'>contra,</span> <span class='ocrx_word' id='word_1_323' title='bbox 1076 3841 1161 3891; x_wconf 88' lang='lat' dir='ltr'>narn</span> <span class='ocrx_word' id='word_1_324' title='bbox 1189 3813 1308 3890; x_wconf 87' lang='lat' dir='ltr'>referri</span> <span class='ocrx_word' id='word_1_325' title='bbox 1345 3816 1449 3892; x_wconf 84' lang='lat' dir='ltr'>debet</span> <span class='ocrx_word' id='word_1_326' title='bbox 1474 3818 1519 3891; x_wconf 90' lang='lat' dir='ltr'>ad</span> <span class='ocrx_word' id='word_1_327' title='bbox 1543 3838 1625 3904; x_wconf 80' lang='lat' dir='ltr'>eas,</span> <span class='ocrx_word' id='word_1_328' title='bbox 1667 3824 1752 3910; x_wconf 67' lang='lat' dir='ltr'>qun</span> 
     </span>
     <span class='ocr_line' id='line_1_35' title="bbox 204 3908 1744 4017; baseline 0.003 -33"><span class='ocrx_word' id='word_1_329' title='bbox 204 3908 464 4010; x_wconf 77' lang='lat' dir='ltr'>praecellerent,</span> <span class='ocrx_word' id='word_1_330' title='bbox 490 3913 598 4008; x_wconf 84' lang='lat' dir='ltr'>idest,</span> <span class='ocrx_word' id='word_1_331' title='bbox 624 3919 667 3990; x_wconf 88' lang='lat' dir='ltr'>ad</span> <span class='ocrx_word' id='word_1_332' title='bbox 693 3919 927 4017; x_wconf 79' lang='lat' dir='ltr'>quascumque,</span> <span class='ocrx_word' id='word_1_333' title='bbox 961 3937 1002 3994; x_wconf 88' lang='lat' dir='ltr'>ut</span> <span class='ocrx_word' id='word_1_334' title='bbox 1027 3916 1235 4016; x_wconf 81' lang='lat' dir='ltr'>praemissum</span> <span class='ocrx_word' id='word_1_335' title='bbox 1270 3939 1346 3994; x_wconf 90' lang='lat' dir='ltr'>erat</span> <span class='ocrx_word' id='word_1_336' title='bbox 1374 3920 1411 3993; x_wconf 93' lang='lat' dir='ltr'>in</span> <span class='ocrx_word' id='word_1_337' title='bbox 1450 3919 1564 4017; x_wconf 88' lang='lat' dir='ltr'>prima</span> <span class='ocrx_word' id='word_1_338' title='bbox 1605 3932 1744 4013; x_wconf 79' lang='lat' dir='ltr'>parte,</span> 
     </span>
     <span class='ocr_line' id='line_1_36' title="bbox 204 4010 1750 4118; baseline 0.001 -29"><span class='ocrx_word' id='word_1_339' title='bbox 204 4014 316 4089; x_wconf 90' lang='lat' dir='ltr'>etiam</span> <span class='ocrx_word' id='word_1_340' title='bbox 342 4038 385 4088; x_wconf 85' lang='lat' dir='ltr'>ex</span> <span class='ocrx_word' id='word_1_341' title='bbox 411 4016 481 4092; x_wconf 88' lang='lat' dir='ltr'>alia</span> <span class='ocrx_word' id='word_1_342' title='bbox 507 4017 610 4095; x_wconf 77' lang='lat' dir='ltr'>cautla</span> <span class='ocrx_word' id='word_1_343' title='bbox 634 4019 841 4118; x_wconf 82' lang='lat' dir='ltr'>irregulares</span> <span class='ocrx_word' id='word_1_344' title='bbox 864 4044 905 4097; x_wconf 90' lang='lat' dir='ltr'>ut</span> <span class='ocrx_word' id='word_1_345' title='bbox 930 4020 1124 4118; x_wconf 81' lang='lat' dir='ltr'>explicatur</span> <span class='ocrx_word' id='word_1_346' title='bbox 1151 4019 1383 4096; x_wconf 82' lang='lat' dir='ltr'>infecunda.</span> <span class='ocrx_word' id='word_1_347' title='bbox 1409 4019 1457 4100; x_wconf 84' lang='lat' dir='ltr'>Et</span> <span class='ocrx_word' id='word_1_348' title='bbox 1483 4019 1619 4093; x_wconf 87' lang='lat' dir='ltr'>mirum</span> <span class='ocrx_word' id='word_1_349' title='bbox 1643 4010 1750 4112; x_wconf 70' lang='lat' dir='ltr'>{alfes</span> 
     </span>
     <span class='ocr_line' id='line_1_37' title="bbox 205 4116 1750 4220; baseline 0.001 -31"><span class='ocrx_word' id='word_1_350' title='bbox 205 4121 302 4212; x_wconf 81' lang='lat' dir='ltr'>quod</span> <span class='ocrx_word' id='word_1_351' title='bbox 330 4118 474 4194; x_wconf 87' lang='lat' dir='ltr'>daretur</span> <span class='ocrx_word' id='word_1_352' title='bbox 498 4119 651 4197; x_wconf 83' lang='lat' dir='ltr'>facultas</span> <span class='ocrx_word' id='word_1_353' title='bbox 676 4127 721 4197; x_wconf 84' lang='lat' dir='ltr'>ad</span> <span class='ocrx_word' id='word_1_354' title='bbox 756 4121 1025 4220; x_wconf 87' lang='lat' dir='ltr'>dispensandum</span> <span class='ocrx_word' id='word_1_355' title='bbox 1060 4146 1143 4198; x_wconf 88' lang='lat' dir='ltr'>cum</span> <span class='ocrx_word' id='word_1_356' title='bbox 1181 4120 1370 4198; x_wconf 90' lang='lat' dir='ltr'>homicidis</span> <span class='ocrx_word' id='word_1_357' title='bbox 1402 4128 1438 4201; x_wconf 79' lang='lat' dir='ltr'>dc</span> <span class='ocrx_word' id='word_1_358' title='bbox 1475 4116 1683 4196; x_wconf 86' lang='lat' dir='ltr'>fimoniacis</span> <span class='ocrx_word' id='word_1_359' title='bbox 1711 4117 1750 4193; x_wconf 78' lang='lat' dir='ltr'>iu</span> 
     </span>
     <span class='ocr_line' id='line_1_38' title="bbox 202 4216 1750 4323; baseline 0.002 -32"><span class='ocrx_word' id='word_1_360' title='bbox 202 4216 464 4314; x_wconf 81' lang='lat' dir='ltr'>irregularitate</span> <span class='ocrx_word' id='word_1_361' title='bbox 489 4222 627 4299; x_wconf 89' lang='lat' dir='ltr'>aliunde</span> <span class='ocrx_word' id='word_1_362' title='bbox 655 4228 856 4316; x_wconf 81' lang='lat' dir='ltr'>contrac&#39;la,</span> <span class='ocrx_word' id='word_1_363' title='bbox 884 4245 1038 4323; x_wconf 77' lang='lat' dir='ltr'>putaex</span> <span class='ocrx_word' id='word_1_364' title='bbox 1056 4226 1239 4314; x_wconf 70' lang='lat' dir='ltr'>‘natalium</span> <span class='ocrx_word' id='word_1_365' title='bbox 1264 4223 1422 4317; x_wconf 74' lang='lat' dir='ltr'>desedu,</span> <span class='ocrx_word' id='word_1_366' title='bbox 1449 4229 1486 4309; x_wconf 68' lang='grc' dir='ltr'>ὅ(</span> <span class='ocrx_word' id='word_1_367' title='bbox 1509 4221 1608 4322; x_wconf 89' lang='lat' dir='ltr'>quod</span> <span class='ocrx_word' id='word_1_368' title='bbox 1635 4240 1750 4318; x_wconf 79' lang='lat' dir='ltr'>nega·</span> 
     </span>
     <span class='ocr_line' id='line_1_39' title="bbox 205 4316 1750 4424; baseline 0.004 -31"><span class='ocrx_word' id='word_1_369' title='bbox 205 4338 302 4394; x_wconf 85' lang='lat' dir='ltr'>retur</span> <span class='ocrx_word' id='word_1_370' title='bbox 326 4316 477 4398; x_wconf 83' lang='lat' dir='ltr'>fanaltas</span> <span class='ocrx_word' id='word_1_371' title='bbox 502 4324 628 4399; x_wconf 87' lang='lat' dir='ltr'>eadem</span> <span class='ocrx_word' id='word_1_372' title='bbox 653 4324 872 4424; x_wconf 87' lang='lat' dir='ltr'>dispensandi</span> <span class='ocrx_word' id='word_1_373' title='bbox 899 4327 936 4400; x_wconf 84' lang='lat' dir='ltr'>in</span> <span class='ocrx_word' id='word_1_374' title='bbox 959 4329 1086 4401; x_wconf 82' lang='lat' dir='ltr'>eodem</span> <span class='ocrx_word' id='word_1_375' title='bbox 1112 4327 1290 4402; x_wconf 89' lang='lat' dir='ltr'>natalium</span> <span class='ocrx_word' id='word_1_376' title='bbox 1315 4322 1453 4403; x_wconf 80' lang='lat' dir='ltr'>delean</span> <span class='ocrx_word' id='word_1_377' title='bbox 1479 4326 1750 4401; x_wconf 69' lang='lat' dir='ltr'>cumianocen</span> 
     </span>
     <span class='ocr_line' id='line_1_40' title="bbox 207 4419 1752 4520; baseline 0.005 -26"><span class='ocrx_word' id='word_1_378' title='bbox 207 4419 320 4513; x_wconf 75' lang='lat' dir='ltr'>tinus,</span> <span class='ocrx_word' id='word_1_379' title='bbox 347 4443 411 4498; x_wconf 84' lang='lat' dir='ltr'>nec</span> <span class='ocrx_word' id='word_1_380' title='bbox 436 4424 647 4520; x_wconf 89' lang='lat' dir='ltr'>homicidis,</span> <span class='ocrx_word' id='word_1_381' title='bbox 684 4450 753 4502; x_wconf 84' lang='lat' dir='ltr'>nea</span> <span class='ocrx_word' id='word_1_382' title='bbox 789 4426 1019 4504; x_wconf 83' lang='lat' dir='ltr'>srmoniatis.</span> <span class='ocrx_word' id='word_1_383' title='bbox 1046 4427 1094 4504; x_wconf 84' lang='lat' dir='ltr'>Et</span> <span class='ocrx_word' id='word_1_384' title='bbox 1121 4451 1242 4503; x_wconf 85' lang='lat' dir='ltr'>tamen</span> <span class='ocrx_word' id='word_1_385' title='bbox 1268 4429 1355 4503; x_wconf 91' lang='lat' dir='ltr'>illud</span> <span class='ocrx_word' id='word_1_386' title='bbox 1393 4427 1475 4505; x_wconf 85' lang='lat' dir='ltr'>esset</span> <span class='ocrx_word' id='word_1_387' title='bbox 1517 4423 1752 4518; x_wconf 80' lang='lat' dir='ltr'>concellum,</span> 
     </span>
     <span class='ocr_line' id='line_1_41' title="bbox 204 4522 1746 4629; baseline 0.003 -32"><span class='ocrx_word' id='word_1_388' title='bbox 204 4522 274 4598; x_wconf 90' lang='lat' dir='ltr'>hoc</span> <span class='ocrx_word' id='word_1_389' title='bbox 298 4539 469 4624; x_wconf 85' lang='lat' dir='ltr'>negatum</span> <span class='ocrx_word' id='word_1_390' title='bbox 495 4549 634 4604; x_wconf 83' lang='lat' dir='ltr'>attento</span> <span class='ocrx_word' id='word_1_391' title='bbox 660 4527 919 4606; x_wconf 83' lang='lat' dir='ltr'>constitutionis</span> <span class='ocrx_word' id='word_1_392' title='bbox 955 4550 1075 4605; x_wconf 88' lang='lat' dir='ltr'>tenore</span> <span class='ocrx_word' id='word_1_393' title='bbox 1109 4552 1214 4629; x_wconf 88' lang='lat' dir='ltr'>prout</span> <span class='ocrx_word' id='word_1_394' title='bbox 1230 4529 1293 4609; x_wconf 82' lang='lat' dir='ltr'>‚ab</span> <span class='ocrx_word' id='word_1_395' title='bbox 1315 4530 1534 4619; x_wconf 55' lang='lat' dir='ltr'>,adversariis</span> <span class='ocrx_word' id='word_1_396' title='bbox 1572 4528 1746 4629; x_wconf 84' lang='lat' dir='ltr'>intelligi·</span> 
     </span>
     <span class='ocr_line' id='line_1_42' title="bbox 114 4627 1747 4732; baseline 0.004 -33"><span class='ocrx_word' id='word_1_397' title='bbox 114 4690 118 4699; x_wconf 87' lang='lat'><em>.</em></span> <span class='ocrx_word' id='word_1_398' title='bbox 206 4645 265 4700; x_wconf 88' lang='lat' dir='ltr'>tur</span> <span class='ocrx_word' id='word_1_399' title='bbox 289 4652 301 4720; x_wconf 82' lang='lat'>3</span> <span class='ocrx_word' id='word_1_400' title='bbox 338 4653 425 4704; x_wconf 84' lang='lat' dir='ltr'>narn</span> <span class='ocrx_word' id='word_1_401' title='bbox 449 4627 602 4706; x_wconf 74' lang='lat' dir='ltr'>facultas</span> <span class='ocrx_word' id='word_1_402' title='bbox 626 4630 844 4731; x_wconf 88' lang='lat' dir='ltr'>dispensandi</span> <span class='ocrx_word' id='word_1_403' title='bbox 871 4633 908 4707; x_wconf 90' lang='lat' dir='ltr'>in</span> <span class='ocrx_word' id='word_1_404' title='bbox 933 4633 1192 4730; x_wconf 84' lang='lat' dir='ltr'>irregularitate</span> <span class='ocrx_word' id='word_1_405' title='bbox 1219 4637 1401 4710; x_wconf 73' lang='lat' dir='ltr'>contram</span> <span class='ocrx_word' id='word_1_406' title='bbox 1427 4652 1470 4709; x_wconf 85' lang='lat' dir='ltr'>ert</span> <span class='ocrx_word' id='word_1_407' title='bbox 1493 4631 1621 4732; x_wconf 81' lang='lat' dir='ltr'>quavis</span> <span class='ocrx_word' id='word_1_408' title='bbox 1640 4630 1747 4707; x_wconf 82' lang='lat' dir='ltr'>eausa</span> 
     </span>
     <span class='ocr_line' id='line_1_43' title="bbox 204 4728 1783 4857; baseline 0.006 -57"><span class='ocrx_word' id='word_1_409' title='bbox 204 4746 327 4825; x_wconf 78' lang='lat' dir='ltr'>praeter</span> <span class='ocrx_word' id='word_1_410' title='bbox 352 4731 648 4811; x_wconf 79' lang='lat' dir='ltr'>homicidium&amp;</span> <span class='ocrx_word' id='word_1_411' title='bbox 685 4732 897 4830; x_wconf 82' lang='lat' dir='ltr'>simoniam,</span> <span class='ocrx_word' id='word_1_412' title='bbox 924 4733 1006 4810; x_wconf 82' lang='lat' dir='ltr'>esset</span> <span class='ocrx_word' id='word_1_413' title='bbox 1032 4733 1180 4810; x_wconf 83' lang='lat' dir='ltr'>relativa</span> <span class='ocrx_word' id='word_1_414' title='bbox 1217 4735 1262 4809; x_wconf 90' lang='lat' dir='ltr'>ad</span> <span class='ocrx_word' id='word_1_415' title='bbox 1296 4728 1459 4857; x_wconf 81' lang='lat' dir='ltr'>personas</span> <span class='ocrx_word' id='word_1_416' title='bbox 1495 4735 1743 4834; x_wconf 85' lang='lat' dir='ltr'>delinquentes</span> <span class='ocrx_word' id='word_1_417' title='bbox 1762 4758 1783 4801; x_wconf 70' lang='grc' dir='ltr'>ι·</span> 
     </span>
     <span class='ocr_line' id='line_1_44' title="bbox 203 4824 1341 4937; baseline 0.01 -34"><span class='ocrx_word' id='word_1_418' title='bbox 203 4824 343 4925; x_wconf 86' lang='lat' dir='ltr'>folum,</span> <span class='ocrx_word' id='word_1_419' title='bbox 368 4832 413 4907; x_wconf 85' lang='lat' dir='ltr'>de</span> <span class='ocrx_word' id='word_1_420' title='bbox 438 4834 561 4934; x_wconf 83' lang='lat' dir='ltr'>quibus</span> <span class='ocrx_word' id='word_1_421' title='bbox 585 4833 701 4912; x_wconf 87' lang='lat' dir='ltr'>sermo</span> <span class='ocrx_word' id='word_1_422' title='bbox 726 4836 775 4911; x_wconf 84' lang='lat' dir='ltr'>cll</span> <span class='ocrx_word' id='word_1_423' title='bbox 802 4840 839 4914; x_wconf 89' lang='lat' dir='ltr'>in</span> <span class='ocrx_word' id='word_1_424' title='bbox 864 4836 1037 4937; x_wconf 84' lang='lat' dir='ltr'>principio</span> <span class='ocrx_word' id='word_1_425' title='bbox 1060 4834 1341 4916; x_wconf 85' lang='lat' dir='ltr'>conflitutlonrs.</span> 
     </span>
    </p>

    <p class='ocr_par' dir='ltr' id='par_1_13' title="bbox 206 4933 1783 5138">
     <span class='ocr_line' id='line_1_45' title="bbox 308 4933 1783 5039; baseline 0.003 -30"><span class='ocrx_word' id='word_1_426' title='bbox 308 4933 367 5010; x_wconf 80' lang='lat' dir='ltr'>Ad</span> <span class='ocrx_word' id='word_1_427' title='bbox 393 4959 428 5012; x_wconf 75' lang='grc' dir='ltr'>ι.</span> <span class='ocrx_word' id='word_1_428' title='bbox 454 4937 674 5014; x_wconf 72' lang='lat' dir='ltr'>constitutio</span> <span class='ocrx_word' id='word_1_429' title='bbox 700 4937 845 5035; x_wconf 73' lang='lat' dir='ltr'>presens</span> <span class='ocrx_word' id='word_1_430' title='bbox 869 4964 944 5013; x_wconf 91' lang='lat' dir='ltr'>non</span> <span class='ocrx_word' id='word_1_431' title='bbox 970 4939 1173 5038; x_wconf 86' lang='lat' dir='ltr'>prodiit-ex</span> <span class='ocrx_word' id='word_1_432' title='bbox 1199 4943 1261 5019; x_wconf 88' lang='lat' dir='ltr'>illa</span> <span class='ocrx_word' id='word_1_433' title='bbox 1287 4942 1417 5039; x_wconf 77' lang='lat' dir='ltr'>causa,</span> <span class='ocrx_word' id='word_1_434' title='bbox 1443 4946 1541 5038; x_wconf 81' lang='lat' dir='ltr'>cujus</span> <span class='ocrx_word' id='word_1_435' title='bbox 1565 4941 1667 5018; x_wconf 82' lang='lat' dir='ltr'>nulla</span> <span class='ocrx_word' id='word_1_436' title='bbox 1693 4934 1783 5014; x_wconf 69' lang='lat' dir='ltr'>alr.</span> 
     </span>
     <span class='ocr_line' id='line_1_46' title="bbox 206 5035 1783 5138; baseline 0.004 -29"><span class='ocrx_word' id='word_1_437' title='bbox 206 5035 365 5130; x_wconf 87' lang='lat' dir='ltr'>mentio,</span> <span class='ocrx_word' id='word_1_438' title='bbox 389 5035 450 5114; x_wconf 87' lang='lat' dir='ltr'>sed</span> <span class='ocrx_word' id='word_1_439' title='bbox 474 5059 616 5136; x_wconf 89' lang='lat' dir='ltr'>propter</span> <span class='ocrx_word' id='word_1_440' title='bbox 639 5037 798 5116; x_wconf 83' lang='lat' dir='ltr'>fidelium</span> <span class='ocrx_word' id='word_1_441' title='bbox 835 5045 1157 5138; x_wconf 85' lang='lat' dir='ltr'>commoditatem,</span> <span class='ocrx_word' id='word_1_442' title='bbox 1192 5045 1261 5123; x_wconf 84' lang='lat' dir='ltr'>five</span> <span class='ocrx_word' id='word_1_443' title='bbox 1287 5050 1332 5123; x_wconf 92' lang='lat' dir='ltr'>ad</span> <span class='ocrx_word' id='word_1_444' title='bbox 1357 5071 1418 5124; x_wconf 85' lang='lat' dir='ltr'>eos</span> <span class='ocrx_word' id='word_1_445' title='bbox 1454 5044 1658 5123; x_wconf 80' lang='lat' dir='ltr'>liberandos</span> <span class='ocrx_word' id='word_1_446' title='bbox 1694 5043 1783 5116; x_wconf 76' lang='lat' dir='ltr'>iaz:</span> 
     </span>
    </p>
   </div>
   <div class='ocr_carea' id='block_1_11' title="bbox 0 0 1953 5686">
    <p class='ocr_par' dir='ltr' id='par_1_14' title="bbox 0 0 1953 5686">
     <span class='ocr_line' id='line_1_47' title="bbox 0 0 1953 5686; baseline 0 0"><span class='ocrx_word' id='word_1_447' title='bbox 0 0 1953 5686; x_wconf 95' lang='lat' dir='ltr'> </span> 
     </span>
    </p>
   </div>
  </div>
 </body>
</html>
