3856 5678
575 324 1078 407 hrost0ttcac.
1118 304 1242 424 '1564
1300 335 1405 404 1600.
1625 347 1695 425 233

220 462 421 565 onpalibus,
447 488 512 540 nec
538 492 613 540 non
640 470 945 562 immunitatibus,
971 470 1180 568 privilegiis,
1207 474 1244 545 dt
1268 470 1415 580 gratiis,
1440 468 1561 566 quibus
1587 471 1664 543 aliae
1688 495 1747 545 ca·

222 568 394 644 thedrales
418 566 568 642 ecclestae
594 576 628 646 dt
653 597 776 646 earum
803 569 960 668 praesules
985 572 1022 644 in
1047 572 1177 647 eisdem
1203 570 1381 670 Hispaniis
1405 571 1547 661 dejure
1583 574 1636 662 vel
1661 596 1752 649 con«

222 670 401 746 suetudine
425 692 594 761 utuntur,
624 675 831 771 potiuntur,
856 677 892 748 ὅ(
917 673 1095 769 gaudent,
1123 674 1195 761 uti,
1223 674 1358 768 potiri,
1388 677 1425 750 dt
1457 671 1610 770 gaudete
1646 695 1747 770 pote-

219 792 296 847 runt
321 772 589 867 quomodolibet
617 777 654 848 in
678 771 869 865 sutanum,
888 776 1105 849 authoritate
1140 775 1330 870 apostolica
1369 797 1489 863 tenore
1526 772 1745 871 praesentium

220 874 403 970 erigimus,
428 879 464 949 bt
491 873 724 950 instituimus.
753 877 807 950 Ac
827 877 949 949 eidem
974 874 1127 950 ecclesia
1152 877 1322 973 oppidum
1348 876 1549 972 praedidlum
1576 874 1623 949 fic
1650 876 1745 950 inci·
1815 952 1818 957 ,

223 975 367 1050 ritatem
391 977 544 1050 ereetum
572 1000 635 1074 pro
661 979 827 1068 civitate,
852 981 889 1052 δι
914 998 1051 1075 partem
1075 978 1175 1051 diste
1201 977 1408 1074 prouincia,
1434 1001 1542 1074 quant
1568 975 1639 1074 ipse
1659 974 1743 1051 Phi·

223 1077 327 1175 lippus
353 1078 433 1155 Rex
457 1084 538 1166 (v)
560 1077 686 1174 positis
709 1081 901 1168 limitibus,
922 1087 1105 1177 ¹(quorum
1133 1079 1492 1167 mutationemdum,
1517 1079 1682 1175 quando,
1708 1083 1750 1157 dt·

221 1181 352 1278 quoties
376 1179 539 1275 expedire
566 1180 739 1255 videbitur
766 1181 888 1257 Nobis'
902 1185 938 1256 bt
962 1179 1207 1255 successoribus
1232 1178 1357 1255 nostris
1382 1181 1558 1257 Ronranis
1596 1178 1746 1254 Pontifi-
1776 1176 1781 1185 ’

221 1279 309 1354 cibus
331 1278 576 1368 reservamus)
601 1282 757 1357 statuerit
784 1289 820 1358 bc
845 1280 948 1355 statui
975 1283 1221 1372 mandaverit,
1248 1307 1312 1380 pro
1333 1279 1504 1371 dioecefi;
1530 1279 1683 1377 ipsarum
1694 1282 1744 1356 ci·
1892 1278 1899 1291 ’

159 1426 161 1465 ;
222 1382 336 1455 vitatis
361 1388 404 1463 bt
423 1380 579 1456 dioecesrs
607 1386 739 1459 incolas
764 1388 799 1459 dt
824 1383 1040 1457 habitatores
1067 1410 1130 1481 pro
1155 1386 1252 1457 clero
1277 1388 1313 1460 dt
1338 1385 1468 1480 populo
1494 1384 1742 1474 concedimus,

220 1481 504 1580 &alig-namus.
532 1482 708 1560 Necnon
734 1484 825 1557 illius
849 1483 975 1558 mensa
1001 1484 1187 1583 episcopali
1215 1487 1455 1582 praedic‘iaepro
1475 1487 1547 1574 ejus
1574 1487 1742 1558 dotered·

219 1583 306 1658 ditus
332 1608 468 1659 annuos
492 1585 726 1663 ducentorum
751 1589 847 1675 (ut)
874 1586 1084 1660 ducatorum
1111 1587 1187 1659 auri
1213 1586 1258 1659 ds
1284 1610 1424 1659 camera
1452 1607 1512 1680 per
1538 1586 1647 1682 ipsum
1658 1584 1740 1659 Phi-

220 1682 346 1783 lippum
371 1686 509 1782 Regem
534 1710 577 1760 ert
604 1688 795 1762 redditibus
822 1689 946 1761 annuis
964 1688 1018 1761 ad
1045 1685 1156 1785 ipsum
1182 1687 1219 1761 in
1238 1687 1335 1761 dicia
1364 1686 1541 1784 prouincia
1560 1685 1743 1784 spetianti·

222 1783 276 1861 bus
301 1785 546 1882 affignandos,
573 1790 687 1866 donec
701 1785 840 1863 truens
865 1787 1019 1878 eiusdem
1044 1788 1171 1863 mensa
1197 1789 1414 1864 adsalutem
1432 1789 1666 1862 ducentorum
1679 1788 1743 1862 du·

224 1908 379 1963 suonam
405 1887 573 1964 sttnilium
602 1890 792 1966 ascendant
819 1892 1005 1965 annuatim
1030 1897 1066 1967 dt
1084 1914 1187 1983 nunc
1213 1912 1315 1983 prout
1340 1913 1384 1963 ex
1414 1894 1548 1966 tunc&
1571 1888 1741 1966 econtra

223 1987 394 2088 postquam
419 1988 581 2087 affigunt
609 1991 739 2067 fuerint
766 1994 981 2091 applicamus
1006 1999 1043 2069 dt
1070 1995 1354 2089 appropriantus.
1382 1990 1427 2065 Et
1455 1990 1593 2085 insuper
1617 1994 1670 2080 jus
1679 2016 1743 2089 pa.

224 2108 373 2166 ttonatus
400 2091 627 2187 praesentandi
650 2096 747 2167 insta
775 2119 908 2170 annum
942 2113 1082 2194 propter
1117 2094 1187 2168 loci
1223 2091 1428 2167 distantiam
1465 2090 1628 2189 personas
1663 2093 1739 2166 ido-

222 2212 315 2266 neas:
342 2195 387 2268 ad
411 2194 563 2270 erectam
588 2193 770 2270 ecclesiam
790 2196 1017 2292 -praedislam,
1042 2197 1179 2292 quoties
1212 2194 1305 2268 illius
1341 2195 1482 2269 vacatio
1519 2192 1589 2268 hac
1625 2196 1742 2292 prima

220 2292 285 2367 tice
309 2316 455 2394 excepta
482 2321 546 2394 pro
562 2317 728 2396 tempore
744 2297 946 2372 occurrerit
959 2297 1168 2389 ,Romano
1194 2291 1359 2371 Ponttfict
1388 2321 1450 2391 pro
1488 2315 1644 2392 tempore
1666 2296 1742 2373 exi·

214 2387 312 2470 stenti
338 2402 400 2495 'per
424 2422 509 2472 eunt
535 2401 572 2474 in
598 2399 750 2488 ejusdem
779 2396 931 2473 ecclestae
955 2400 1156 2495 episcopum
1181 2403 1218 2474 ὅ(
1242 2402 1414 2494 pastorem
1441 2399 1486 2471 ad
1506 2397 1741 2493 presentatio·

213 2512 296 2572 nem
321 2497 492 2589 eiusmodi
519 2499 800 2599 praeficiendam:
828 2524 893 2576 nec
918 2524 993 2575 non
1019 2501 1065 2574 ad
1089 2501 1304 2596 dignitates,
1330 2498 1584 2589 canonicatus,
1610 2504 1741 2596 &prz-

205 2588 370 2693 luendas,
397 2592 632 2678 ic-benestcia
659 2603 847 2701 erigenda,
875 2623 951 2681 tam
977 2604 998 2677 s
1024 2603 1188 2701 primeva
1213 2626 1337 2677 eorum
1361 2599 1531 2675 cressione
1558 2598 1741 2696 polluam

200 2703 319 2778 creua
348 2699 499 2796 fuerim,
525 2730 633 2803 quam
660 2728 814 2780 extunc
839 2705 1001 2803 deinceps
1039 2730 1103 2802 pro
1141 2727 1299 2802 tempore
1335 2701 1529 2792 vacantia,
1567 2626 1741 2800 Episcopo

193 2789 395 2877 Tutuman
424 2831 487 2902 pro
516 2830 675 2904 tempore
701 2807 860 2882 exilienti
886 2806 1045 2881 stmiliter
1065 2831 1131 2903 per
1156 2830 1240 2880 eum
1266 2805 1311 2880 ad
1323 2799 1625 2901 praesentationem
1649 2801 1738 2891 ejus-

175 2906 306 2980 ‘modi
334 2907 371 2980 in
399 2904 475 3005 ipsts
501 2910 751 3006 dignitatibus,
778 2908 1064 2999 canonicatibus,
1090 2907 1363 3003 deprehendis,
1391 2902 1619 2979 acbeneliciis
1644 2905 1739 2980 insli-

194 3007 378 3101 tuendas,
398 3011 568 3183 1pradicto
595 3010 759 3109 Philippo
783 3016 819 3088 dt
843 3034 908 3108 pro
934 3031 1091 3103 tempore
1127 3006 1286 3083 existenti
1320 3003 1481 3083 Castellae
1513 3010 1550 3083 dt
1574 3005 1741 3104 Legionis

201 3106 302 3206 Regi
329 3132 373 3184 ex
413 3115 501 3186 unili
528 3111 698 3203 consrlio,
726 3113 966 3204 authoritate,
999 3116 1037 3186 dt
1062 3134 1201 3184 tenore.
1220 3109 1387 3206 praedistis
1420 3109 1532 3182 etiam
1568 3113 1738 3204 perpetuo

208 3208 446 3305 reservamus,
473 3217 717 3297 concedimus,
743 3221 778 3291 ὃ(
805 3212 1034 3311 aslignamus.
1062 3210 1161 3285 Nulli
1187 3234 1273 3307 crgo
1299 3208 1486 3284 hominum
1510 3209 1618 3283 liceat
1636 3207 1737 3283 hanc

212 3315 378 3411 paginam
403 3321 469 3392 &n
497 3316 605 3392 Datis
631 3317 759 3393 Romae
785 3340 880 3389 anno
909 3335 1017 3411 1-570·
1045 3313 1153 3410 pridie
1182 3310 1261 3385 idus
1288 3309 1405 3385 Maii.
1444 3331 1481 3381 t:

294 3415 389 3490 Nos
404 3418 523 3513 igitur
548 3417 748 3494 franciscus
774 3420 818 3490 dc
846 3418 985 3491 Vitoria
1012 3413 1199 3512 Episcopus
1224 3413 1487 3488 Tucuman.'..
1515 3409 1736 3485 authoritate

211 3513 398 3613 apostolica
427 3521 526 3593 nobis
552 3520 756 3611 commissa,
784 3520 895 3617 Regia
921 3515 1105 3605 Maiestate
1134 3514 1345 3590 instante&
1414 3534 1543 3604 rente,
1579 3513 1616 3586 in
1651 3536 1740 3609 prae·-

209 3618 299 3696 disia
323 3618 472 3694 eeclesta
498 3621 616 3696 nostra
641 3625 880 3710 decanatum,
907 3645 983 3716 quae
1008 3619 1161 3714 dignitas
1186 3617 1298 3715 prima
1311 3642 1358 3714 po
1398 3611 1639 3712 pontificalem
1664 3615 1734 3688 exi·

207 3716 296 3812 siat,
322 3746 387 3820 pro
413 3748 485 3796 uno
510 3723 647 3814 decano
670 3725 731 3820 qui
758 3743 856 3795 curet
882 3727 919 3798 dt
945 3723 1161 3816 provideat,
1192 3720 1295 3815 quod
1321 3713 1479 3791 officium
1504 3716 1664 3790 divinum
1697 3719 1735 3793 bt

206 3823 331 3896 omnia
359 3822 429 3896 alia
456 3848 533 3921 quae
559 3825 602 3899 ad
630 3824 862 3899 Deicultnm
887 3823 1101 3918 pertinent,
1142 3843 1217 3893 tam
1256 3819 1292 3890 in
1329 3816 1440 3892 choro
1465 3823 1501 3893 dt
1526 3817 1563 3888 in
1591 3818 1733 3907 altari,

207 3946 315 4023 quam
341 3927 451 3999 etiam
478 3926 512 3999 in
540 3927 812 4022 proceslronibus
837 3929 873 4002 bt
900 3925 934 3996 in
957 3924 1140 4019 capitulo,
1165 3927 1201 3995 dt
1225 3917 1433 4017 ubicrunque
1458 3938 1655 3991 conventus
1678 3939 1733 3991 ec·

204 4022 315 4100 clcstae
342 4025 400 4101 seu
427 4030 571 4125 capituli
601 4030 645 4102 ad
673 4029 757 4100 illud
785 4023 1039 4100 observandum
1065 4019 1359 4096 &exolvendum
1386 4019 1732 4114 congregabuntur,

203 4148 285 4201 cum
312 4125 681 4219 stlentio,'honestate
705 4134 739 4203 bt
767 4125 936 4202 modestia
957 4124 1030 4200 rite
1056 4127 1091 4198 dc
1119 4122 1207 4198 reste
1245 4116 1497 4218 perficiantur.
1532 4117 1591 4193 Ad
1626 4143 1732 4215 quem

203 4230 315 4304 etlam
342 4232 526 4326 pertinebit
557 4234 619 4320 iis,
646 4231 768 4330 quibus
794 4238 814 4302 a
840 4228 953 4303 choro
978 4251 1020 4301 ex
1040 4223 1148 4297 causa
1174 4223 1348 4297 discedere
1374 4220 1574 4318 oportebit,
1599 4218 1730 4316 expres·

205 4327 239 4406 sa
267 4329 373 4405 causa
395 4337 437 4410 dc
460 4358 534 4407 non
562 4335 649 4409 alias
674 4329 881 4406 facultatem
908 4327 1121 4403 concedere.
1160 4345 1196 4397 t:
1227 4323 1568 4399 Archidiaconatum
1584 4347 1731 4419 prouno

199 4432 497 4526 Archidiacono,
523 4436 581 4532 qui
608 4435 749 4523 dejure
775 4432 956 4506 communi
984 4431 1106 4503 oculus
1120 4425 1277 4522 Episcopi
1292 4446 1495 4524 reputatur,
1521 4428 1730 4520 &adquem
1770 4480 1774 4491 .

203 4536 414 4610 clericorum
441 4537 723 4611 ordinandorum
750 4529 927 4621 (Praelato
953 4530 1155 4604 solemniter
1179 4528 1403 4613 celebrante)
1429 4526 1670 4617 examinatio,
1695 4530 1756 4603 δί’

203 4636 489 4729 administratiO,
513 4638 667 4712 civitatis
690 4642 726 4713 bt
750 4632 930 4723 dioecefis,
950 4630 984 4704 st
1011 4630 1069 4703 srbi
1096 4635 1116 4703 a
1144 4631 1288 4726 praelato
1315 4627 1516 4723 injungatur
1553 4625 1729 4718 vist'tati0,

201 4744 238 4817 dt
266 4740 335 4814 alia
364 4762 440 4837 quae
466 4741 511 4814 de
544 4740 617 4827 jure
654 4739 686 4811 ei
722 4757 963 4835 competunt,
996 4756 1157 4805 exeruere
1193 4730 1395 4824 pertinebit.
1444 4748 1480 4797 t:
1516 4725 1730 4802 Camurium

172 4835 315 4916 'etiam
341 4867 405 4938 pro
431 4868 503 4916 uno
528 4861 694 4929 cantore,
734 4839 779 4912 ad
804 4837 1053 4934 quamnullus
1087 4835 1197 4906 etiam
1237 4854 1300 4927 pro
1337 4850 1496 4924 tenpore
1533 4828 1729 4925 praesentari

201 4943 329 5043 posstt,
358 4942 423 5017 nist
453 4948 487 5018 in
513 4941 671 5034 mustea,
697 4939 822 5014 saltem
848 4943 883 5014 in
910 4959 1018 5011 cautu
1045 4937 1174 5032 plano,
1197 4933 1340 5006 edusius
1365 4936 1400 5007 dt
1425 4933 1552 5023 peritus
1578 4927 1724 5017 erlistat,

185 5050 302 5137 -cuius
329 5048 365 5119 in
391 5043 571 5120 sacillorio
598 5066 764 5134 cantare,
785 5046 825 5118 dt
841 5037 1027 5116 servitores
1050 5033 1201 5213 eccgstae
1222 5055 1370 5111 cantare
1394 5034 1542 5125 docete,
1567 5035 1603 5108 dc
1627 5048 1728 5104 carte-
1789 5138 1793 5147 ι

1161 5159 1185 5233 g
1625 5155 1667 5206 ra
1770 5212 1779 5225 ,
