3856 5678
135 4086 148 4132 l

383 333 458 410 ata
815 317 1393 404 onutuartours

332 489 426 559 tate3
456 464 565 547 hodie
590 458 729 563 possunt
754 464 866 539 etiam
891 463 1047 538 utilitate
1073 461 1261 540 suadente.
1287 463 1358 539 Sed
1383 463 1577 559 regulares,
1601 477 1643 537 ut
1670 458 1762 534 dicit
1790 456 1872 552 hic,

331 572 430 648 licite
456 564 596 664 possunt
619 563 702 663 eligi
730 565 777 641 ad
803 567 960 662 regimen
986 562 1213 640 ecclesiarum
1237 565 1404 640 utilitatis
1427 563 1530 638 causa
1556 563 1649 640 &de
1674 561 1752 650 jure
1780 584 1871 636 com

332 671 457 750 muni.
482 666 551 744 Sed
576 667 615 743 itt
639 664 711 743 hoc
734 664 785 743 est
810 663 1007 741 differentia
1033 666 1124 742 inter
1148 666 1345 741 monachos
1370 666 1623 743 &canonicos
1657 662 1836 759 regulares
1857 715 1869 751 ,

334 772 429 871 quod
453 767 655 845 monachus
679 760 819 846 tenetur
843 765 958 845 socios
984 767 1113 842 habete
1137 764 1253 843 secrun
1279 767 1330 842 sui
1357 767 1489 842 ordinis
1512 820 1523 857 ,
1545 762 1603 839 secl
1631 764 1812 861 regulares
1833 763 1873 835 ad

334 873 406 951 hoc
431 896 506 946 non
533 886 698 948 tenentur
722 866 788 943 nist
815 867 1004 944 commode
1022 869 1156 965 poffirt.
1183 868 1270 942 Haec
1297 870 1340 942 de
1367 889 1481 945 vetere
1508 865 1721 964 disciplina.

437 971 499 1048 De
525 971 717 1060 moderna,
744 967 819 1067 post
845 972 1001 1043 multam
1025 968 1268 1045 discussionem
1296 971 1332 1042 in
1359 967 1462 1044 causa
1488 968 1758 1045 canonicorum
1779 987 1869 1060 regu·

336 1076 466 1148 larium
494 1072 653 1146 habitam
680 1068 740 1145 sub
764 1068 831 1144 Pio
856 1070 904 1146 V.
928 1076 962 1148 ὃ(
986 1068 1169 1168 Gregorio
1191 1069 1323 1162 Xlll.,
1350 1072 1466 1145 noluit
1501 1069 1560 1144 bie
1587 1065 1764 1144 Pontifex
1799 1067 1872 1139 lice-

335 1201 373 1250 re
399 1172 635 1271 regularibus,
661 1174 769 1246 etiam
797 1173 840 1245 de
865 1170 1007 1246 licentia
1046 1168 1096 1246 sui
1132 1170 1354 1263 Generalis,
1379 1171 1502 1270 absque
1529 1168 1701 1268 permissu
1737 1166 1870 1242 Summi

336 1272 543 1364 Pontificis,
570 1269 739 1350 assumere
764 1298 885 1350 curam
911 1273 1021 1348 etiarn
1049 1273 1095 1348 ad
1120 1294 1282 1369 tempus,
1306 1275 1492 1371 multoque
1516 1275 1635 1347 minus
1662 1267 1869 1345 beneficium

339 1400 505 1455 curarunt
532 1375 569 1448 in
597 1376 763 1451 titulum.
787 1371 914 1466 Unde,
954 1374 1066 1473 inquit
1093 1372 1282 1470 Fagnanus
1319 1378 1395 1464 (a)
1419 1371 1565 1467 infertur
1588 1394 1630 1450 ut
1668 1373 1795 1447 multo
1813 1371 1874 1443 mi-

338 1504 405 1558 ous
430 1475 558 1553 assumi
581 1475 707 1574 possint
735 1475 779 1551 ad
805 1499 926 1549 cutam
956 1480 1156 1550 animarum
1182 1475 1410 1573 personarum
1443 1475 1668 1551 secularium
1705 1475 1877 1569 regulares

339 1581 490 1657 aliorum
518 1577 682 1653 ordinum
705 1632 720 1668 ,¹
754 1578 903 1652 namin
936 1578 1115 1649 canonicis
1142 1577 1354 1672 regularibus
1390 1600 1433 1650 ex
1470 1578 1674 1651 multorum
1711 1574 1876 1650 sententia

338 1678 487 1778 speciale
514 1699 615 1769 erat,
639 1700 679 1752 ut
705 1675 839 1775 possent
867 1674 993 1774 praefici
1018 1676 1277 1777 parochialibus
1296 1677 1535 1770 sacularibus,
1562 1702 1642 1776 optae
1673 1676 1811 1775 (qnia)
1830 1700 1871 1748 te-

340 1782 431 1880 gulae
455 1780 646 1856 inserviunt
673 1780 823 1872 laxiori,
851 1785 887 1856 dc
914 1800 1097 1878 propterea
1124 1801 1198 1853 nou
1236 1778 1625 1877 comprehendebantur
1656 1780 1695 1852 in
1734 1776 1874 1875 prohibi·

341 1886 439 1959 tione
462 1881 623 1964 Consilii
645 1877 916 1957 Lateranenfi's.
943 1876 1065 1976 Quare
1092 1875 1119 1950 st
1144 1881 1326 1955 canonicis
1351 1881 1568 1978 regularibus
1594 1904 1675 1956 non
1701 1879 1788 1953 licet
1809 1904 1871 1951 am·

343 1983 616 2080 plius—obtinere
642 1982 864 2080 parochiales
891 1982 927 2055 in
954 1983 1097 2057 titulum
1125 1981 1236 2055 velari
1264 2002 1401 2079 ternpus
1427 2005 1568 2078 propter
1593 1982 1785 2056 decretum
1797 1979 1875 2054 Gre-

342 2087 435 2183 gorii.
471 2083 616 2176 Xllls,
651 2086 754 2181 longe
790 2085 912 2156 minus.
946 2082 1061 2158 licebit
1101 2081 1314 2178 regularibus
1339 2083 1416 2158 aliis
1442 2081 1644 2158 stridorum
1683 2083 1879 2157 ordinum.

343 2185 439 2265 Hinc
464 2211 547 2261 curn
573 2182 681 2259 suerit
705 2182 913 2300 qttaefitrtm,
942 2208 986 2256 art
1013 2183 1183 2276 regularis
1210 2182 1312 2280 posstt
1340 2181 1466 2280 praefici
1493 2209 1585 2258 curae
1616 2185 1816 2258 animatum
1840 2182 1887 2255 ab

343 2285 520 2386 Episcopo
547 2285 611 2359 abs
627 2309 671 2359 ue
697 2285 956 2384 dispensatione
982 2281 1198 2383 apostolica,
1225 2285 1334 2359 Sacra
1356 2283 1601 2385 Congregati'o
1624 2285 1784 2362 Concilti
1805 2308 1877 2358 cen-

344 2387 411 2469 suit
440 2413 512 2462 uon
541 2312 658 2484 posse,
686 2384 748 2460 nist
779 2386 964 2461 accedente
990 2384 1268 2482 dispensatione,
1294 2411 1369 2484 quae
1395 2413 1467 2460 non
1494 2386 1542 2460 eli
1569 2389 1805 2463 concedenda
1834 2385 1879 2456 ni-

344 2487 373 2566 fi
401 2488 551 2564 instante
576 2486 754 2587 Episcopo
776 2514 840 2586 pro
867 2486 1070 2563 necessitate
1095 2488 1149 2559 vel
1176 2488 1330 2561 utilitate
1349 2488 1527 2563 Ecclestae.
1557 2487 1607 2562 Et
1638 2492 1730 2564 aliis
1757 2483 1880 2560 consus

344 2613 407 2683 ta,
436 2615 482 2666 art
508 2587 672 2664 Ecclesia
695 2589 897 2687 parochiali·
913 2612 955 2663 ex
982 2586 1211 2678 necessttate,
1232 2613 1358 2690 nempe
1369 2589 1416 2664 ob
1428 2591 1616 2688 pentuiam
1640 2586 1878 2675 sacerdotum,

345 2692 517 2787 regularis.
541 2691 716 2787 perpetui).
737 2688 840 2786 posht
867 2686 1016 2786 praefici,
1043 2686 1224 2786 respondit
1251 2691 1409 2787 permitti
1436 2688 1549 2788 posse,
1577 2693 1633 2766 ita
1663 2714 1706 2767 ut
1746 2691 1879 2765 dedulio

344 2795 434 2865 vislu
461 2793 557 2894 quod
584 2792 757 2888 reliquunt
784 2786 1128 2882 sueritreddituum,
1156 2791 1193 2865 in
1218 2792 1414 2867 utilitatem
1441 2790 1598 2869 ecclesrae
1625 2797 1674 2871 be
1693 2814 1879 2890 pauperum

345 2911 604 2967 convertatur..
624 2889 692 2964 Ob
712 2891 747 2968 id
773 2910 895 2967 autem
932 2888 1157 2967 necessariam
1194 2893 1264 2965 esse
1295 2891 1402 2970 hodie
1427 2891 1736 2992 dispensationem
1774 2914 1887 2968 contre

342 2994 550 3090 opinionem
587 2992 819 3095 antiquorum--
851 2993 1067 3084 dolbomm,
1104 2994 1199 3091 quod
1239 2995 1288 3068 ita
1315 2996 1362 3072 de
1398 2992 1479 3071 stilo
1504 2993 1638 3071 serrari
1676 2996 1852 3073 consuerit
1873 3045 1889 3064 a

345 3089 459 3193 Quod
482 3092 512 3169 fi
535 3094 648 3191 magis
675 3093 846 3190 placuerit
871 3093 1116 3184 Sandisstmo,
1145 3092 1238 3191 posse
1262 3097 1357 3194 quod
1383 3097 1539 3193 petitur,
1562 3098 1612 3171 ad
1640 3118 1790 3196 tempus
1814 3120 1882 3173 con-

343 3197 448 3291 cedi,
468 3196 587 3294 quoad
612 3193 743 3272 scilicet
771 3192 969 3293 Episcopus.
990 3197 1179 3290 providerit
1208 3197 1250 3271 de
1276 3197 1405 3272 clerico
1432 3195 1611 3289 saecttlati'3
1639 3200 1747 3274 nihil·
1781 3222 1891 3274 tamen

344 3299 611 3374 eoncedendum
636 3294 703 3372 nih
727 3295 878 3371 instante
905 3294 1079 3393 Episcopo
1106 3322 1178 3394 pro
1196 3295 1399 3372 necessitate
1425 3301 1487 3373 rel
1518 3299 1686 3377 utilitate
1716 3303 1886 3389 Ecclefie,

345 3397 434 3476 Hac
461 3397 652 3498 Fagttattus
674 3421 724 3473 ex·
743 3418 842 3495 parte
863 3395 1006 3474 transcri
1032 3419 1085 3478 tus
1111 3399 1134 3470 ir
1156 3396 1345 3475 Benedislo
1372 3403 1415 3473 in.
1435 3397 1886 3498 praesenteOrdinatiotte.

450 3498 568 3574 Porti>
589 3497 756 3573 benesici'a
785 3497 856 3574 stne
881 3426 1138 3596 dispensatione
1164 3497 1316 3576 conserti
1343 3524 1417 3575 non
1446 3497 1539 3599 posse
1563 3506 1765 3601 tegttl'ari,
1796 3504 1882 3581 intel·

347 3601 416 3698 lige
441 3602 484 3673 de
508 3597 686 3673 benesteiis
709 3596 969 3690 secularibus,
1005 3603 1060 3674 trel
1084 3625 1160 3698 quae
1187 3603 1361 3699 regularia
1388 3599 1466 3677 esse·
1481 3629 1554 3677 nott
1582 3605 1736 3685 constet
1761 3641 1777 3700 ,-
1803 3603 1882 3706 quod

344 3703 444 3774 e-nim
470 3695 681 3776 beneficium
707 3700 865 3794 regulare
892 3696 958 3775 esse
984 3726 1066 3781 non·
1084 3700 1254 3793 conllat,
1270 3702 1432 3780 saeculare
1459 3701 1691 3802 presumitur
1717 3765 1736 3783 ..
1766 3704 1886 3785 Bettesa

348 3803 403 3877 cia
431 3802 566 3900 pariter·
587 3801 786 3898 regularia,
810 3823 886 3899 quae
912 3803 973 3877 vel
1004 3827 1055 3878 ex.
1073 3803 1312 3895 institutione,
1351 3806 1405 3880 rel
1432 3830 1474 3881 ex
1500 3808 1751 3909 qnadraginta
1793 3835 1887 3886 anno

348 3929 428 3978 tum
454 3898 657 3999 possessione
683 3898 828 3999 pacifica
855 3903 947 3977 talia
966 3901 1079 3996 sunt,
1095 3927 1273 4004 nequeunt
1300 3907 1518 3982 saecularibus
1543 3905 1619 3985 st'ne
1662 3910 1892 4014 dispensatio·

348 4029 393 4179 pte
408 4000 570 4181 ‘conserpi
584 4000 728 4178 ...blinde
751 4002 808 4082 est.
825 4006 1047 4084 canonicum
1064 4007 1241 4111 adagium
1254 4034 1274 4083 ε.
1298 4008 1476 4087 Secularia
1502 4005 1768 4112 secutaribus,
1808 4038 1893 4112 regu

343 4124 440 4182 ‘atta
466 4130 611 4204 regnari
633 4133 691 4180 ur.

451 4201 657 4303 Quidquid
683 4210 726 4284 de
752 4209 1033 4287 mentitcanttb'us
1058 4211 1135 4288 aliis
1162 4208 1204 4288 lit
1231 4216 1275 4290 bc·
1292 4216 1530 4314 regularibus,
1555 4218 1673 4315 quod
1694 4224 1836 4298 attinet
1862 4219 1895 4292 al

348 4308 541 4385 ertindam
569 4306 786 4383 Societatem
811 4307 915 4404 Jesu,
941 4334 1085 4387 certum·
1113 4311 1164 4388 est
1186 4316 1310 4389 minus·
1339 4315 1438 4394 fuisse
1462 4320 1687 4395 conveniens
1727 4325 1830 4398 illius
1854 4324 1897 4395 itt·

285 4421 290 4433 '
338 4407 622 4490 {slitutocuram
650 4432 752 4504 agere
778 4411 985 4488 animarum
1016 4440 1059 4493 er
1084 4413 1205 4491 officio
1231 4417 1408 4514 parochi,
1445 4422 1607 4516 quamvis
1641 4422 1813 4504 habetet.
1845 4447 1905 4522 pto

350 4509 421 4590 fine
447 4512 631 4608 principali
660 4515 693 4584 itt
722 4509 871 4587 salutem
897 4521 937 4590 dt·
959 4513 1215 4612 persestionem·
1234 4521 1480 4616 proximorum
1508 4523 1728 4602 incumbere
1758 4585 1771 4622 ,
1806 4536 1841 4605 dr
1863 4548 1899 4597 est

349 4614 524 4689 charitate
551 4613 810 4696 &obedientia
838 4617 958 4704 juvate
983 4618 1019 4689 in
1045 4616 1125 4693 hoc·
1142 4623 1287 4716 negotio
1314 4621 1476 4718 pallores
1492 4625 1734 4705 animarum:
1766 4636 1805 4710 ἃ
1833 4629 1897 4705 sola

349 4715 554 4795 necessitate
578 4712 717 4794 saslttnt.
736 4714 812 4795 elle
829 4736 869 4793 ut
895 4718 1090 4818 parochias
1106 4719 1325 4799 dosltinasve
1351 4721 1540 4822 susciperet
1564 4731 1781 4828 regendas.

393 5053 451 5130 (33
474 5058 562 5128 Fagn,
583 5054 619 5113 r'n,
632 5058 702 5126 cap.
723 5049 809 5134 oni
830 5056 908 5127 Dei,
928 5057 974 5117 De
993 5059 1031 5121 St.
1053 5061 1136 5124 Mon,
1154 5061 1205 5126 lib·
1217 5066 1714 5140 3·Decretal.pag·ata2nuntaupu
