3864 5686
563 39 596 259 l

388 330 1232 431 Aeosrorteae.t700.1766.
1288 403 1292 411 .
1458 338 1534 434 '563

54 475 205 578 religiosi
232 497 370 577 propter
397 478 561 554 delictum
590 479 734 576 aliquod
760 500 867 575 grave
893 476 1006 551 etiam
1039 472 1147 551 semel
1183 491 1421 573 perpetratum
1460 494 1585 571 potue·

55 584 126 658 rint
153 583 303 679 expelli,
329 582 401 672 jatn
429 603 548 658 tamen
575 604 717 680 propter
741 581 1022 656 declarationem
1047 575 1183 655 Urbani
1212 575 1318 649 VllI.
1352 576 1487 650 editam
1525 599 1588 649 an·
1624 584 1656 677 s

54 711 104 761 no
134 705 268 780 1724,
296 685 478 781 pernulla
506 686 686 781 privilegia
715 681 853 781 possunt
879 680 1005 779 expelli
1032 679 1053 755 ὲ
1080 675 1587 777 religionc,nis1srntincor-

53 787 227 884 rigibiles,
255 787 340 860 tales
367 806 488 862 autem
513 812 587 861 non
613 783 817 877 censentur,
844 782 908 857 nist
934 784 1037 857 unius
1063 785 1146 857 anni
1174 781 1305 872 jejunio
1342 786 1378 858 dt
1403 780 1586 880 ,poeniten-

55 889 104 964 tia
131 890 169 963 in
197 912 337 963 carcere
362 886 431 964 sant
456 889 586 990 probasi
604 943 617 965 .
654 887 757 963 Dum
794 880 916 963 autern
935 878 1069 984 ‘excipit
1106 883 1164 958 hic
1204 886 1333 957 author
1369 881 1589 961 Societatem
1665 965 1666 968 Ἴ

54 987 157 1086 Jesu,
184 987 250 1063 nist
277 990 361 1064 velit
388 992 534 1088 intelligi
560 992 605 1066 de
631 991 793 1064 nondum
830 985 1015 1087 proferis,
1053 989 1272 1061 contrarium
1298 985 1403 1058 habet
1441 982 1590 1060 Benedi-

39 1096 149 1166 etum
176 1091 277 1169 XIV.
303 1092 405 1190 supra
430 1091 521 1167 Ord.
555 1114 666 1189 324,
693 1093 751 1190 qui
777 1088 945 1166 &refert
973 1078 1263 1165 constitutionem
1286 1088 1486 1161 Innocentii
1502 1082 1589 1161 XII.

56 1195 102 1270 ad
128 1193 334 1270 instantiam
359 1194 571 1292 religionum
596 1193 841 1271 contrahentis
867 1192 1280 1309 carcergtionisannum
1307 1190 1352 1266 ad
1376 1186 1560 1264 semestre.

470 1392 977 1478 ORDINATIO
1037 1392 1179 1472 DLIX.

593 1505 702 1576 Anno
732 1500 841 1598 1738.
877 1525 936 1574 20.
964 1499 1094 1578 Dec·

148 1705 190 1784 D
218 1703 423 1782 instantiam
449 1708 687 1803 procuratoris
713 1707 902 1803 provinciae
927 1704 964 1780 S.
991 1704 1170 1780 Nomints'
1227 1697 1265 1787 su
1293 1697 1490 1793 Mexicanps
1521 1698 1593 1775 Or'·

174 1809 266 1884 dinis
292 1808 330 1882 S.
358 1805 570 1907 Augustini,
596 1810 779 1882 decretum
805 1807 842 1882 S.
867 1806 1166 1906 Congregat'io‘nis
1231 1805 1441 1904 iscopotum
1466 1794 1592 1899 &Rc-

57 1916 236 2008 gulatiunt
265 1935 300 2007 5.
327 1909 424 2008 Sept.
455 1907 564 2007 1738.
591 1910 733 2008 sequens
759 1907 1012 1985 confirmatur:
1038 1902 1237 2006 Regulates'
1272 1909 1377 1982 unius
1414 1907 1593 2004 religionis

62 2011 309 2107 confugientes
336 2014 382 2086 ad
407 2008 570 2086 ecclesias
606 2018 642 2087 dc
666 2011 879 2086 monasteria
918 2015 990 2100 (1)
1017 2011 1160 2086 alterius
1199 2010 1376 2108 religionis
1410 2009 1595 2106 superiori·
1665 2069 1671 2076 .

61 2114 123 2187 bus
150 2115 298 2212 propriis
325 2113 457 2189 restitui
484 2113 632 2203 debete,
660 2111 811 2212 praestito
837 2113 880 2188 ab
906 2114 947 2187 iis
973 2113 1198 2203 linamente,
1225 2117 1261 2188 δι
1286 2110 1378 2187 sada
1404 2112 1594 2206 obligatio·

59 2241 103 2289 ne
129 2217 172 2289 de
198 2215 366 2289 servanda
405 2216 668 2305 immunitate,
703 2219 738 2290 ὅ(
774 2218 818 2289 dc
854 2212 1068 2290 restituendo
1102 2209 1346 2311 confugientes
1383 2211 1464 2287 casu
1498 2209 1596 2311 quod

58 2316 153 2415 quod
181 2317 442 2413 procedendum
466 2314 509 2391 stt
537 2319 581 2389 ad
609 2339 728 2411 poenas
754 2319 956 2412 corporales
983 2319 1134 2391 carceris
1161 2341 1220 2416 per
1245 2316 1343 2406 erui,
1382 2315 1534 2404 mortis,
1560 2319 1598 2392 dr

64 2420 264 2497 triremium
290 2437 433 2512 propter
458 2418 582 2491 delifla
608 2421 628 2490 ὲ
657 2414 940 2514 confugientibus
964 2415 1181 2506 commissam
1208 2342 1303 2490 secus
1330 2414 1356 2490 st
1385 2413 1446 2512 ipfi
1475 2440 1596 2513 proce·

57 2521 141 2592 dete
167 2517 330 2592 deberent
360 2517 405 2588 ad
429 2542 551 2614 poenas
577 2517 797 2610 ordinarias,
815 2520 860 2594 'dt
887 2520 932 2593 ad
969 2519 1222 2593 corredionem
1251 2514 1486 2614 praescriptas.
1524 2515 1597 2593 Cu·

20 2661 22 2664 -
60 2621 112 2707 jus
139 2620 187 2693 rei
214 2620 410 2698 declaratio
437 2621 482 2693 ad
507 2615 751 2697 definitorium
779 2621 1037 2718 provinciale,
1055 2622 1109 2694 vel
1134 2621 1193 2695 ubi
1221 2621 1308 2693 illud
1344 2644 1419 2693 non
1445 2617 1554 2695 fuerit
1581 2673 1595 2714 ,

60 2721 106 2795 ad
133 2719 320 2797 consilium
345 2743 540 2798 conventus
564 2719 730 2819 speflabir
753 2777 761 2796 .
788 2719 925 2818 Qtodsr
961 2720 1146 2814 condito,
1183 2722 1358 2822 regulares
1387 2720 1598 2819 confugicu·
1633 2776 1637 2781 -

60 2843 110 2897 tes
137 2848 256 2920 poenas
281 2823 479 2899 ordinarias
504 2822 619 2898 solum
647 2828 860 2922 promereri,
889 2825 1022 2922 praelati
1050 2824 1193 2900 alterius
1229 2825 1410 2924 religionis
1445 2841 1597 2903 renuant

65 2949 126 2998 eos
151 2924 353 3015 teilituere,
381 2929 434 2999 vel
462 2924 523 3023 ipst
552 2928 597 2997 ad
625 2928 782 3024 proprias
807 2927 1073 3002 domos'redite
1100 2923 1258 3002 recusent
1285 2980 1296 3019 ,
1328 2926 1364 3000 S.
1391 2924 1597 3023 Congrege-

63 3029 117 3101 tio
143 3025 308 3124 utrosque
336 3023 444 3099 instar
468 3025 728 3123 apostatarunt,
754 3030 808 3101 vel
837 3026 1014 3126 apostatas
1038 3028 1306 3125 recipientium,
1333 3028 1369 3101 in
1392 3053 1597 3102 excommu-

59 3129 281 3200 nicationem
306 3128 457 3202 Summo
477 3125 648 3217 Pontifici
674 3129 886 3205 reservatam
911 3128 1107 3205 declaravit
1144 3127 1333 3207 incursos.
1372 3126 1484 3206 mter
1509 3127 1595 3205 ibid.

59 3227 104 3302 C
138 3237 221 3326 246.
248 3226 381 3327 Incipit
406 3229 536 3329 Exponi
547 3285 556 3304 .
994 3226 1004 3233 ”

486 3437 1176 3514 ADNOTATIONES.

112 3644 181 3729 (1)
207 3637 429 3727 Monalieria.
456 3638 724 3739 Consequentet
749 3664 823 3717 nort
850 3640 986 3739 prodest
1012 3642 1221 3719 immunitas
1246 3635 1530 3734 confugientibus
1550 3640 1599 3717 ad

61 3743 216 3840 praedia,
244 3744 432 3841 grangias,
459 3744 646 3821 &domos
673 3744 913 3841 regularium,
939 3744 999 3817 ubi
1027 3769 1117 3818 unus
1143 3749 1197 3820 vel
1226 3745 1315 3840 alter
1340 3740 1522 3841 religiosus
1549 3743 1597 3821 nd

60 3845 257 3919 curandam
284 3871 360 3920 rem
388 3847 568 3944 agrariam
592 3844 756 3920 habitat:
783 3849 818 3921 dt
842 3869 920 3943 quae
944 3869 987 3920 cx
1026 3844 1298 3921 resolutionibus
1336 3840 1597 3938 angelopolite·

60 3949 117 4020 nis
143 3970 218 4020 non
243 3949 402 4046 gaudent
439 3946 737 4022 monasteriorum
773 3946 993 4044 privilegiis.
1029 3944 1199 4044 facitque
1237 3947 1331 4044 regia
1368 3942 1523 4042 Philippi
1550 3945 1598 4022 V.

57 4049 256 4123 declaratio
286 4071 321 4146 5.
348 4044 419 4145 Jut.
451 4057 561 4142 1716.
598 4048 636 4122 id
674 4043 788 4144 ipsum
813 4068 857 4123 ex
882 4044 970 4121 resse
1006 4046 1187 4141 indicens,
1214 4048 1486 4122 immunitatem
1521 4071 1598 4124 non

58 4147 216 4247 prodesse
243 4147 529 4248 confugientibus
556 4150 602 4224 ad
629 4151 814 4249 grangias.
849 4073 973 4246 &ram
1010 4152 1146 4249 regiam
1171 4148 1453 4228 declarationem
1490 4146 1599 4229 refert

60 4254 99 4327 in
126 4255 348 4328 colledaneis
373 4250 428 4326 M.
454 4251 492 4327 S.
518 4250 557 4326 P.
588 4249 712 4328 Petrus
738 4250 887 4328 [ozano
912 4251 949 4327 S.
974 4248 1008 4349 J.

167 4353 250 4427 Imb
276 4379 319 4427 ex
346 4355 417 4427 boc
444 4356 480 4428 in
509 4354 686 4452 posterum
711 4379 777 4430 nec
804 4350 1053 4452 suffragabitur
1080 4353 1289 4432 immunitas
1316 4350 1603 4455 confugientibus

60 4456 100 4529 in
124 4453 382 4555 Hispaniamm
408 4458 523 4553 regnis
550 4460 595 4530 ad
619 4454 782 4531 ecclefias
807 4460 843 4534 dt
869 4456 1103 4547 monasteria,
1130 4456 1194 4532 nifi
1220 4483 1261 4532 ea
1290 4454 1356 4529 stnt
1381 4457 1425 4530 de
1452 4457 1600 4554 assigna·

61 4559 132 4649 tis,
158 4557 256 4647 juxta
284 4555 510 4634 novissimam
537 4553 826 4634 constitutionem
852 4557 1049 4655 Clementis
1073 4558 1174 4636 XIV.
1214 4561 1258 4633 ad
1293 4555 1500 4632 instantiam
1528 4560 1600 4651 tte»

56 4661 111 4759 gis
136 4658 324 4736 Catholici
350 4662 587 4760 expeditam,
627 4665 664 4738 dt
699 4659 835 4750 ineius
860 4662 999 4735 ditione
1026 4663 1326 4760 promulgatam,
1362 4682 1406 4732 ex
1432 4685 1502 4757 qua
1528 4682 1607 4736 una.

18 4794 24 4803 ·
60 4762 118 4835 vel
145 4767 257 4838 altera
293 4761 450 4839 Ecclesia
490 4764 528 4838 itt
564 4761 706 4860 singulis
743 4762 880 4863 oppidis
918 4784 978 4860 per
1012 4763 1084 4837 loci
1121 4759 1400 4837 Ordinatiotum
1429 4758 1602 4863 designati

60 4864 190 4958 debet,
217 4887 322 4942 extra
347 4891 457 4965 quam
483 4866 691 4943 immunitas
730 4889 821 4960 nonfi
840 4859 1049 4963 suffragetur
1075 4920 1087 4958 ,
1122 4888 1234 4963 neque
1270 4862 1405 4959 asylum
1445 4863 1652 4940 habeant-s

63 4966 310 5068 confugientes
335 4970 405 5047 tei.
727 4980 744 4993 '‘
982 4965 987 4974 “

1048 5161 1158 5266 Yyy
1211 5141 1244 5247 2¹
1462 5166 1584 5250 OR·.
