3856 5678
240 302 315 387 344
673 267 1272 350 orturuartours
1370 299 1378 311 ·

188 425 461 530 quibuscumque
485 414 674 492 redditibus
700 421 734 494 dt
759 414 860 489 bonis
884 409 1128 489 ecclesiasticis*
1147 411 1371 506 faciendam
1396 411 1448 491 ita
1484 430 1525 491 ut
1558 437 1603 494 ex
1632 416 1726 494 deci*

191 535 280 622 mis,
305 524 501 612 beneficiis,
528 519 748 618 capellaniis,
776 514 1035 615 hospitalibus,
1059 515 1410 594 confraternitatibus
1433 517 1532 607 juxta
1570 517 1733 609 ejusdem.

193 630 347 713 Concilii
373 625 564 711 statutum,
591 619 659 697 five
684 617 919 719 episcopales,
947 615 1015 691 srve
1039 615 1260 697 beneficiales
1284 621 1439 713 redditus
1464 618 1532 696 stnt
1557 676 1568 713 ,
1607 623 1731 699 etiam.

190 761 235 815 ex
260 730 425 806 dodrinis
451 724 645 818 Indorum,
671 720 811 799 etiamsi
845 720 1020 820 regulares
1047 719 1135 818 ipsas
1171 723 1346 799 doctrinas
1372 743 1539 813 teneant,
1579 720 1716 800 triade

191 854 335 914 centurn
371 830 624 929 applicentur,
661 831 698 904 dt
731 848 775 900 ex
810 848 906 897 nunc
933 822 1110 921 applicata
1145 821 1386 901 censeantur.
1413 825 1470 899 hd
1495 849 1604 923 quam
1638 822 1733 902 sane.

192 938 397 1039 portionem
428 955 553 1009 omnes
588 928 738 1028 praedisli
775 925 891 1027 clerici
927 928 963 1000 dt
998 922 1150 1021 personae
1175 929 1213 999 in
1237 926 1462 1022 ,conscientia
1498 936 1718 1002 teneantur.

191 1041 368 1121 Necnon
393 1032 573 1112 oeconomi
610 1029 706 1128 ipfi,
743 1034 780 1105 dt
805 1025 1007 1118 officiales,
1043 1031 1079 1103 dt
1114 1029 1324 1127 quicumque
1361 1024 1554 1129 persoluere
1587 1027 1733 1118 sidens,

192 1139 365 1232 eiusmodi
391 1131 636 1220 ecclesiasticos
661 1131 838 1222 redditus,
865 1125 1050 1230 praesatam
1085 1131 1288 1227 portionem
1324 1134 1500 1209 retineant
1527 1154 1591 1228 pro
1624 1128 1720 1208 semi·

191 1271 314 1322 nato.

260 1276 269 1325 Ι
293 1344 493 1424 Consorme
517 1342 566 1421 est
590 1339 651 1437 Jus
676 1339 841 1416 Indicum
867 1343 935 1430 (a)
960 1362 1032 1438 quo
1056 1337 1266 1433 mandatur,
1293 1341 1366 1452 Que
1390 1338 1549 1433 conforme
1575 1339 1610 1412 al
1631 1336 1718 1414 San·

192 1473 233 1529 to
258 1449 424 1527 Concilio
450 1452 493 1524 de
519 1447 658 1522 Trento
694 1443 918 1519 contribuian
955 1443 1009 1516 los
1034 1440 1247 1518 dosirineros
1281 1467 1364 1540 para
1393 1442 1445 1516 los
1480 1440 1650 1538 collegios
1667 1438 1717 1533 se-

154 1570 157 1575 '
193 1555 375 1631 minarios.
403 1552 451 1628 Et
477 1549 559 1626 alibi
584 1549 686 1646 regiis
710 1543 919 1622 officialibus
945 1545 981 1618 in
1006 1539 1156 1619 Peruvio
1181 1546 1332 1619 edicitur
1358 1543 1451 1634 (b),
1487 1545 1564 1656 Qe
1591 1540 1717 1640 rebajen

192 1657 237 1732 de
263 1658 317 1732 los
341 1652 548 1753 estipendios
574 1672 736 1747 conque
763 1649 897 1723 acuden
927 1646 946 1720 a
973 1646 1025 1720 los
1052 1641 1232 1743 religiosos
1257 1646 1302 1719 de
1326 1645 1362 1719 S.
1386 1644 1573 1719 francisco
1601 1647 1636 1717 el
1656 1665 1720 1719 tres

192 1784 259 1858 por
283 1760 402 1833 ciento
428 1755 544 1831 bande
569 1751 676 1827 havet
701 1755 754 1826 los
775 1750 1007 1844 seminarias.
1042 1747 1210 1845 Idemque
1235 1748 1280 1823 de
1317 1744 1530 1843 regularibus
1555 1745 1721 1820 omnibus

192 1862 411 1938 dostrinariis
436 1858 616 1933 decretum
641 1852 690 1927 est
716 1877 776 1950 per
801 1851 981 1928 Cedulam
1008 1850 1116 1923 aliam
1143 1853 1292 1926 relatam
1317 1853 1337 1925 a
1365 1846 1483 1924 frasso
1510 1854 1584 1938 (e),
1610 1872 1717 1946 quam

193 1981 317 2040 tamen
343 1961 399 2035 Ill.
428 1984 469 2033 ac
495 1958 587 2033 Ven.
622 1953 770 2030 Palasox
805 1955 897 2050 apud
931 1953 1033 2026 illum
1061 1948 1227 2044 testatur,
1264 1947 1298 2027 se
1333 1950 1458 2025 nullibi
1494 1949 1716 2027 observatam

191 2063 328 2141 vidisse.
357 2062 401 2135 In
426 2057 681 2148 Misstonibus,
719 2054 778 2130 seu
804 2054 984 2129 Dosirinis
1009 2051 1221 2128 Guaranicis
1254 2050 1475 2151 Paraguariae
1510 2075 1645 2127 certum
1668 2050 1717 2127 est

190 2189 266 2240 non
290 2160 388 2236 fuisse
413 2158 654 2252 observatam,
682 2159 767 2236 dum
792 2153 853 2229 sub
878 2152 1015 2249 Jesuitis
1040 2175 1160 2247 eraut.
1185 2152 1294 2246 Cujus
1319 2157 1412 2230 ratio
1437 2153 1511 2245 est,
1545 2155 1629 2252 quia
1654 2154 1712 2228 do

190 2265 344 2342 &rinarii
372 2289 445 2338 non
470 2257 535 2334 nist
561 2261 716 2340 mediam
740 2279 877 2357 partem
911 2258 1072 2331 canonici
1097 2253 1292 2354 stipendii,
1331 2259 1380 2332 uel
1409 2254 1556 2347 synodi,
1595 2276 1714 2330 urvo

190 2388 296 2458 cant,
324 2363 582 2463 percipiebant,
607 2364 797 2436 medietate
832 2360 902 2432 alia
937 2354 1021 2431 fisco
1049 2357 1231 2456 pernulla,
1266 2384 1309 2434 ex
1335 2384 1380 2433 eo
1406 2358 1498 2454 quod
1537 2358 1621 2436 Rex
1645 2355 1707 2438 Ce-

192 2470 344 2550 tholicus
367 2491 432 2568 pro
456 2461 517 2543 sua
541 2465 753 2548 liberalitate
779 2460 998 2543 dottrinariis
1024 2463 1112 2540 alias
1137 2460 1336 2564 confignati
1361 2461 1527 2543 utaudat.

621 2667 1127 2752 ORDINATIO
1177 2670 1290 2748 CCV.

391 2822 394 2827 ·
731 2775 838 2850 Anno
868 2783 976 2870 1604.
1014 2797 1073 2872 24.
1099 2774 1176 2870 Jan.

275 2882 428 2958 Lemens
453 2870 560 2954 VIII.
589 2874 749 2974 parochis
774 2877 959 2952 Indiarum
985 2878 1260 2952 occidentalium
1296 2875 1456 2975 prohibet
1482 2875 1542 2954 sub
1575 2898 1715 2956 excom

264 2992 268 2999 '
303 2985 544 3059 municarionc
570 2983 650 3054 latae
677 2977 1032 3054 sententiae'Summo
1057 2972 1222 3054 Pontifici
1252 2979 1446 3074 reservata,
1472 3001 1519 3056 ne
1545 2982 1707 3071 majorem

190 3086 450 3180 eleemosynam
478 3083 588 3158 abiis
615 3081 672 3179 qui
700 3084 736 3154 iu
772 3078 923 3155 ecclesiis
957 3083 1146 3156 domorum
1172 3082 1209 3155 S.
1235 3076 1406 3157 francisci
1443 3084 1487 3157 de
1523 3081 1707 3158 Observan-

191 3193 263 3280 tia,
291 3214 397 3284 quam
423 3188 466 3259 de
492 3186 533 3259 iis
559 3184 617 3283 qui
645 3185 682 3257 in
707 3182 962 3282 parochialibus
988 3183 1139 3258 ecclesiis
1162 3183 1396 3280 sepeliuntur,
1422 3188 1546 3283 quovis
1572 3204 1704 3284 praerert·

192 3313 232 3365 tu
270 3293 322 3365 uel
359 3285 544 3362 occasione
581 3287 692 3360 etiam
727 3285 772 3362 de
805 3285 980 3360 mandato
1014 3287 1276 3360 ordinariorum
1302 3289 1439 3382 exigere
1475 3287 1706 3385 praesumant.

190 3390 301 3468 Extat
328 3392 364 3463 in
390 3389 522 3464 bullar.
548 3385 702 3461 Cherub.
733 3408 820 3461 rom.
850 3407 884 3483 3.
911 3384 1033 3462 const.
1060 3395 1121 3481 96.
1148 3387 1263 3462 Clem.
1290 3387 1395 3461 VIII.
1422 3388 1555 3484 Incipit
1587 3389 1708 3486 Expos-

147 3492 152 3501 ’
192 3512 285 3567 tum.
311 3491 360 3566 Et
386 3493 422 3564 in
446 3491 610 3565 eamdem
635 3488 848 3564 sententiam
872 3488 964 3561 datae
990 3487 1069 3585 sunt
1105 3491 1267 3586 deinceps
1306 3492 1381 3564 aliae
1412 3490 1708 3581 constitutiones,

150 3616 153 3628 ·
192 3597 235 3668 de
261 3593 383 3692 quibus
408 3590 471 3666 suo
496 3594 597 3666 loco.
624 3591 806 3667 Schedulae
830 3593 940 3664 etiam
967 3593 1068 3688 regiae
1095 3594 1207 3688 plures
1233 3588 1431 3667 conformes
1468 3596 1563 3689 apud
1597 3588 1708 3666 Fralso

193 3697 263 3784 (d)
290 3695 382 3769 data
407 3693 510 3784 suut,
537 3693 727 3792 dequibus
753 3718 823 3766 una
850 3697 918 3779 (e)
947 3691 1074 3767 inserta
1101 3691 1151 3768 est
1183 3695 1322 3792 corpori
1348 3693 1439 3789 Juris
1460 3693 1597 3788 Indici,
1623 3695 1709 3782 cujus

194 3818 442 3895 argumentum
468 3795 539 3872 est:
566 3799 641 3903 Que
664 3798 712 3868 los
739 3795 886 3890 clerigos
911 3819 960 3867 no
987 3796 1100 3870 llcuen
1125 3820 1202 3870 mas
1228 3795 1394 3870 derechos
1421 3821 1484 3893 por
1508 3800 1562 3870 los
1594 3790 1707 3894 quest

190 3923 393 3975 curerraren
428 3924 473 3973 cn
511 3901 563 3973 los
600 3917 828 3985 conventos,
866 3897 908 3968 de
942 3898 997 3969 los
1033 3919 1099 3994 que
1136 3895 1341 3989 jusiamente
1379 3901 1546 3996 pudiercn
1582 3901 1709 3973 tteoarz

290 4002 531 4076 Nihilominus
555 4001 593 4073 in
618 4000 721 4075 Taua
748 3995 1011 4072 Tucumancnst
1040 3999 1231 4096 approbata
1258 4002 1294 4074 in
1320 3997 1454 4095 synodo
1482 4002 1564 4074 anni
1607 4005 1708 4076 1606.

189 4103 332 4178 biennio
358 4102 433 4199 post
458 4098 630 4199 prasentis
655 4098 917 4174 constitutionis
942 4101 1064 4173 datam
1090 4097 1256 4196 scriptum
1283 4104 1438 4200 reperio:
1464 4104 1504 4172 si
1531 4105 1568 4175 al
1590 4129 1650 4177 teno
1677 4098 1709 4175 se

189 4223 366 4278 cnterrare
391 4227 436 4276 en
463 4205 568 4297 aigun
595 4221 796 4292 conventu,
822 4201 972 4298 capilla,
999 4227 1024 4276 o
1048 4200 1201 4275 hermita
1229 4200 1325 4277 luera
1353 4204 1395 4278 de
1421 4206 1457 4278 la
1480 4129 1611 4300 lgtesn
1634 4227 1709 4301 par-

190 4303 348 4402 roquias,
375 4326 486 4400 pague
511 4303 569 4375 dcl
605 4303 759 4377 entierro
786 4303 901 4376 veinte
935 4298 1033 4398 pesos
1059 4328 1155 4392 mas,
1182 4328 1248 4402 que
1285 4330 1349 4402 por
1377 4306 1480 4380 rodos
1510 4303 1577 4380 son
1604 4302 1709 4381 sesen-

114 4418 118 4429 '
191 4430 250 4497 ra,
276 4431 299 4499 y
323 4429 400 4479 inas
423 4405 478 4480 los
502 4403 668 4479 derechos
695 4407 728 4479 al
753 4401 918 4509 sacrisian
957 4405 1070 4478 arriba
1095 4402 1286 4498 referidos,
1322 4433 1418 4501 yno
1445 4405 1479 4481 se
1506 4409 1621 4505 pueda
1652 4430 1713 4480 en-

192 4531 301 4582 terrar
315 4532 384 4582 con
411 4507 704 4583 entierromenor.
734 4503 779 4578 In
804 4502 939 4599 synodo
966 4505 1134 4581 dePuerto
1159 4507 1449 4605 Ricopubblicata
1480 4534 1577 4584 anno
1605 4517 1711 4604 1647.

191 4609 257 4704 (f)
284 4611 398 4703 major
422 4608 472 4685 est
496 4607 701 4708 sumptuum
725 4608 761 4682 id
786 4629 895 4703 genus
926 4606 1129 4684 moderatio
1154 4610 1241 4684 dum
1266 4611 1416 4687 dicitur:
1442 4618 1494 4689 De
1519 4639 1564 4687 un
1599 4611 1715 4686 entier·

1628 4739 1668 4788 ro

224 4899 281 4967 (a)
300 4903 364 4969 [τι.
385 4922 431 4968 35.
451 4903 499 4990 tit·
524 4921 567 4964 ¹5·
583 4898 636 4990 sib.
661 4921 684 4954 r.
703 4902 739 4957 R·
761 4919 788 4953 ι.
942 4892 950 5019 Ι
1007 4896 1064 4967 (d)
1087 4903 1197 4972 Fraffir,
1219 4921 1280 4992 cap.
1303 4922 1348 4966 9²·
1368 4923 1388 4993 ‚⁴²
1409 4923 1486 4959 num.
1510 4914 1555 4958 16.

222 4977 278 5047 (b)
297 4981 361 5046 Lea.
386 4999 410 5039 7·
430 4994 478 5037 tet·
501 4999 545 5046 ²3·
564 4977 614 5035 hb.
639 4998 661 5031 r.
681 4979 717 5037 R·
740 4994 767 5029 ¹·
1009 4976 1060 5045 (e)
1080 4980 1143 5048 Leg.
1168 4999 1192 5031 ι.
1213 4995 1259 5036 rtt.
1285 4985 1328 5033 18.
1347 4981 1399 5039 leb.
1424 5002 1447 5034 ι.
1468 4983 1503 5039 tt.
1523 4980 1590 5038 Ind.

216 5056 283 5122 sc)
303 5058 413 5128 Fraffc,
433 5068 493 5129 cap.
515 5069 561 5133 te.
580 5073 609 5114 u·
630 5064 678 5113 ιι.
941 5058 949 5134 Ι
1008 5051 1055 5124 (s)
1075 5053 1175 5126 synode
1194 5054 1228 5115 de
1246 5055 1349 5118 Puerto
1367 5060 1459 5130 Rieu,
1478 5061 1568 5131 Cenat
1589 5066 1642 5116 66·
