3864 5686
401 286 475 391 μθ
820 286 1397 369 Oantnartourt

347 425 406 506 sii-s
433 433 520 506 milri
549 427 615 505 fuit
637 425 803 525 *sacerdos
828 433 889 507 diu
917 432 961 506 ibi
989 450 1266 534 commoratus.
1303 431 1350 529 Et
1381 426 1486 506 favet
1521 425 1618 528 quod
1654 446 1767 527 nuper
1802 422 1873 504 lll-

349 555 428 608 not.
445 544 500 605 16.
527 534 570 606 de
596 531 726 606 litteris
751 539 786 610 bt
811 533 1062 632 supplicatione
1092 531 1349 632 Archiepiscopi
1375 529 1546 607 Platensss
1572 533 1725 607 relamm
1750 527 1823 605 est.

452 633 524 707 Alii
549 630 767 729 distinguunt
790 667 801 708 .·
824 634 874 713 .=P.
904 632 1041 711 Mendo
1067 641 1138 724 (a)
1176 635 1272 710 Indis
1307 631 1465 710 accenset
1490 653 1610 708 ortum
1639 634 1724 707 indo
1752 653 1875 729 patre,

313 809 319 821 ,
350 750 466 809 matre
493 733 672 832 hispana,
697 759 737 811 ut
774 763 837 835 pro
873 737 1034 812 habenda
1070 738 1165 811 bulla
1192 735 1369 812 Cruciatae
1406 732 1554 811 sufficiat
1592 735 1694 825 illurn
1731 756 1880 830 erogate

351 835 615 929 eleemosynam
641 863 705 932 pro
731 837 829 913 Indis
858 857 1039 915 taxatam.
1068 839 1143 913 Alii
1171 841 1263 935 apud
1289 837 1532 937 Montenegro
1558 835 1630 925 (l)
1667 834 1801 909 ludum
1827 860 1878 908 te·

351 957 479 1033 putant
507 943 528 1012 a
554 941 735 1015 contrario
762 961 887 1017 natum
913 961 1027 1017 matre
1055 941 1139 1014 inda
1165 960 1264 1037 patre
1290 938 1436 1037 hispano
1459 993 1468 1012 .
1506 935 1545 1013 P.
1573 939 1777 1013 Avendatio
1811 941 1876 1024 (c)

350 1039 489 1135 inquit,
515 1063 642 1116 natum
666 1065 710 1116 ex
734 1040 882 1138 hispano
907 1048 943 1121 dt
970 1043 1074 1133 in'da,
1101 1043 1156 1116 vel
1181 1064 1224 1115 ex
1251 1040 1336 1115 indo
1361 1048 1396 1118 dt
1421 1038 1566 1136 hispana
1602 1035 1881 1134 (Hispanorum

351 1143 500 1216 nomine
526 1143 873 1240 appellantur-Euro
896 1146 936 1218 ui
963 1160 1087 1218 omnes
1107 1147 1146 1233 l,
1171 1143 1290 1240 quoad
1315 1137 1476 1216 effectum
1501 1139 1678 1215 minorem
1717 1165 1785 1237 pto
1809 1138 1880 1213 bul·

355 1241 390 1316 la
420 1263 541 1318 raxam
566 1246 759 1340 erogandi,
784 1243 850 1321 esse
875 1170 1027 1321 indum.

457 1344 535 1423 Nec
559 1343 692 1422 desunt·
709 1372 772 1447 pro
805 1368 953 1446 utraque
979 1365 1086 1443 parte·
1114 1364 1279 1421 ‚textuum
1317 1345 1575 1440 allegationes.
1611 1340 1685 1417 Pro
1711 1339 1882 1418 sententia

353 1447 520 1540 negativa
546 1444 656 1540 facit,
681 1447 778 1544 quod
803 1451 913 1549 magis
939 1448 974 1520 di
995 1473 1073 1523 uum
1098 1447 1207 1520 trabit
1232 1444 1276 1519 ad
1295 1443 1332 1541 sq
1356 1449 1467 1521 minas
1490 1445 1624 1542 dignum
1644 1499 1664 1536 ,
1697 1463 1740 1519 ut
1766 1441 1881 1521 firmat

354 1548 535 1622 Antonius
559 1544 661 1622 Leon
687 1546 812 1624 Pinelo
838 1552 884 1638 (d
893 1556 927 1639 ).
993 1572 1185 1645 numquam
1211 1546 1248 1621 in
1272 1545 1343 1620 hoc
1371 1549 1581 1644 proloquio,
1615 1542 1684 1618 nifi
1721 1545 1883 1620 adhibea-

356 1662 414 1723 lur
440 1648 575 1743 glossa,
602 1647 745 1724 difficile
770 1650 858 1726 scitu
883 1649 932 1726 est
957 1673 1118 1746 quaenam
1145 1645 1188 1722 stt
1213 1646 1359 1745 persona
1386 1672 1515 1744 agens,
1534 1670 1705 1744 ¹quaenam
1733 1647 1884 1744 patiens;

352 1745 424 1822 sure
452 1774 497 1824 an
523 1754 637 1850 magis
662 1753 811 1851 dignum
836 1754 857 1825 a
880 1753 1000 1851 *minus
1024 1751 1155 1847 digno,
1183 1773 1230 1824 au
1255 1747 1472 1825 econverso
1497 1750 1518 1823 a
1543 1749 1660 1845 magis
1684 1748 1800 1845 digno
1822 1746 1883 1823 tni·

355 1875 421 1926 nus
447 1852 595 1950 dignum
622 1851 810 1946 trahatur,
838 1856 893 1928 vel
918 1849 1190 1929 denominetur.

452 1950 530 2031 'Pro
553 1953 726 2031 sententia
753 1954 966 2033 affirmativa
1002 1950 1118 2029 facere
1144 1948 1300 2050 potest,
1359 1953 1432 2028 uod
1457 1952 1651 2029 mixtindus
1674 1949 1725 2027 cst
1751 1951 1778 2039 ‘s
1804 1946 1887 2025 ficut

236 2131 242 2146 ,
353 2052 700 2151 hermaphroditus)
720 2055 877 2157 sanguiue
901 2074 1089 2147 coneretur,
1110 2052 1167 2150 sed
1191 2080 1252 2129 nou
1274 1979 1439 2153 persedit
1460 2071 1620 2149 utroque:
1646 2051 1818 2148 sanguine
1839 2051 1889 2125 vi·

353 2157 482 2231 delicet
506 2156 654 2255 hispano
679 2165 715 2235 bt
740 2161 878 2235 indico.
905 2158 955 2233 At
980 2160 1018 2232 in
1043 2158 1249 2246 concretis,
1287 2156 1388 2244 ajunt
1411 2210 1422 2249 ,
1448 2155 1694 2233 denominatio
1727 2152 1889 2248 sequitur

355 2255 562 2333 debiliorem
586 2279 724 2359 partem
737 2262 757 2336 τ’
774 2265 811 2337 dt
836 2260 945 2335 Indus
970 2279 1152 2356 reputatur
1178 2280 1256 2354 pars
1281 2256 1454 2331 debilior.

456 2358 527 2434 Sed
552 2363 634 2459 quia
659 2361 920 2447 mixtindorum
945 2361 1053 2459 aliqui
1088 2354 1341 2457 hispanismum
1367 2354 1566 2451 affesiant,
1592 2356 1699 2451 idest,
1736 2356 1889 2432 bet'dettt

317 2462 321 2468 '
356 2460 628 2553 conditionem;
656 2465 716 2539 alii
742 2461 821 2539 sunt
848 2465 885 2538 in
910 2460 1034 2561 quibus
1058 2459 1232 2535 Indorum
1257 2462 1444 2557 praevalet,
1483 2459 1569 2543 idest
1593 2458 1728 2535 servilis
1764 2457 1888 2534 condi·

356 2563 433 2654 tio,
460 2560 640 2641 sententie
664 2566 850 2642 contrariae
875 2564 1058 2639 conciliari
1084 2558 1353 2658 forrepossunt,
1378 2565 1430 2638 ita
1456 2582 1497 2639 ut
1523 2565 1776 2660 praevalentem
1801 2582 1898 2656 con-4

263 2662 269 2673 '
355 2663 533 2738 ditionem
557 2668 631 2754 jure
656 2666 861 2765 sequantur.
891 2663 935 2738 Id
959 2665 1055 2762 quod
1079 2661 1216 2738 suaderi
1242 2661 1355 2759 potest
1378 2680 1511 2759 nup'pta
1536 2660 1824 2759 hermaphroditi
1847 2654 1888 2732 li-

205 2803 209 2811 ·
359 2763 592 2881 militudine,
630 2771 667 2843 bt
702 2770 777 2864 lege
812 2768 1013 2881 Qaeritur..
1027 2764 1147 2881 ffisDr
1170 2771 1264 2838 Stat.
1289 2760 1376 2879 horn.
1402 2762 1485 2839 ibit
1512 2766 1706 2879 Quaeritur,
1744 2763 1893 2838 berma-

216 2878 220 2885 '
358 2862 567 2961 phtodrtum
592 2867 649 2941 cui
676 2870 949 2966 comparamus?
975 2865 1023 2942 Et
1047 2889 1161 2963 magu
1185 2884 1306 2965 puto.
1340 2890 1413 2955 etus
1446 2862 1568 2942 sexum
1597 2861 1848 2941 estimandum
1874 2915 1891 2979 ξ

358 2968 421 3064 qui
448 2964 485 3040 in
510 2990 555 3042 eo
576 2971 760 3067 prevalet.
786 2966 1003 3044 Cuisrmilis
1028 2964 1078 3042 est
1102 2970 1160 3041 lex
1184 2968 1476 3065 Reputandaram.
1492 2965 1618 3058 ffiDae
1642 2964 1798 3056 trilibris,
1822 2960 1891 3038 ubt

356 3067 559 3163 deciditur,
585 3070 662 3159 juta
686 3070 788 3162 buius
813 3070 994 3164 concreti,
1019 3088 1061 3144 ut
1085 3066 1189 3167 poffit
1213 3072 1268 3145 vel
1292 3094 1367 3144 non
1392 3071 1430 3144 iu
1466 3067 1710 3145 testimouium
1744 3062 1892 3143 adhibe-

359 3169 391 3244 ri
417 3169 687 3249 determinanda
713 3170 780 3249 esse
804 3172 996 3250 secundum
1020 3191 1182 3270 partem,
1206 3195 1284 3268 quae
1308 3172 1495 3270 praevalet.
1914 3190 1918 3195 '

473 3272 533 3347 Ad
558 3295 757 3350 extremum
781 3295 893 3368 nota,
922 3272 1184 3349 inlitteratum
1207 3274 1400 3371 exemplari
1434 3297 1509 3373 quo
1541 3270 1621 3350 sum
1644 3272 1750 3366 usuc,
1784 3276 1821 3349 dt
1851 3271 1888 3344 in

362 3371 442 3468 aliis
466 3375 576 3451 etiarn
603 3375 817 3454 authenticis
842 3374 1052 3461 facultatem
1075 3373 1223 3449 concedi
1256 3373 1312 3449 Ab
1336 3401 1428 3450 onere
1462 3375 1645 3475 petitionis
1678 3372 1790 3450 debiti
1813 3395 1885 3448 ma·

360 3475 575 3552 trimonialis
600 3479 795 3572 liberandi,
820 3477 966 3578 quando
990 3471 1342 3581 numulariorum
1364 3476 1452 3552 illud
1477 3498 1619 3577 petere,
1644 3478 1788 3553 ratione
1812 3470 1884 3548 voti

358 3572 549 3672 castitatis,
577 3579 632 3654 vel
657 3581 729 3656 alia
754 3581 791 3652 de
816 3576 937 3672 caufit.
962 3574 1035 3656 Ubi
1060 3601 1136 3652 non
1161 3599 1269 3652 nemo
1294 3577 1459 3669 curialis,
1495 3576 1697 3665 desiderata,
1725 3575 1883 3674 negatio·
1920 3612 1924 3617 ·

359 3698 406 3771 ne
430 3677 522 3757 inter
554 3705 644 3755 onere
668 3674 710 3759 d?
741 3680 946 3778 petitionis,
979 3679 1106 3753 litteris
1140 3676 1340 3777 apostolicis
1364 3679 1493 3756 vitium
1518 3678 1690 3777 affingere
1722 3676 1760 3775 se
1792 3669 1885 3774 posit

359 3776 518 3873 censuit,
541 3805 590 3856 ne
616 3785 795 3876 valerent,
829 3806 912 3859 cum
947 3777 1056 3857 debiti
1082 3779 1209 3878 petitio
1232 3803 1307 3857 non
1340 3777 1383 3856 stt
1407 3805 1529 3873 onus,
1566 3780 1687 3880 aquo
1722 3776 1883 3856 liberetur

305 3928 308 3933 -
359 3880 438 3979 quis
464 3903 526 3980 per
551 3883 802 3983 privilegium.
838 3883 911 3962 Sed
935 3878 1051 3957 senltu
1086 3878 1137 3958 est
1159 3880 1256 3958 idem
1281 3885 1318 3960 dt
1341 3882 1528 3980 utrobique
1564 3884 1677 3960 renus
1700 3897 1885 3976 utcumque

316 4029 318 4033 >
359 3986 565 4073 enuntietur
590 3982 767 4078 facultas3
803 4009 894 4061 onus
929 3984 1056 4082 quippe
1080 3982 1103 4057 a
1126 4007 1199 4082 quo
1231 3983 1402 4059 liberandi
1427 3981 1470 4059 sit
1495 3983 1680 4082 potestas,
1713 3981 1766 4061 est
1789 4002 1885 4082 pune

359 4085 457 4160 circa
481 4083 590 4162 debiti
618 4084 839 4186 'petitionem
873 4085 1036 4176 incursa,
1075 4081 1153 4160 hac
1179 4103 1300 4162 tamen
1334 4109 1538 4184 puna-nou
1575 4088 1671 4163 aliud
1709 4084 1760 4163 est
1783 4103 1884 4183 quam

363 4185 544 4277 petitionis
568 4189 722 4283 privatio
747 4185 806 4263 seu
831 4189 1000 4288 negatio,
1024 4209 1102 4285 quae
1125 4208 1188 4286 per
1223 4187 1370 4263 verbum
1404 4214 1496 4266 mete
1518 4186 1602 4264 satis
1636 4185 1885 4287 significatur,

361 4285 402 4362 dt
426 4283 447 4360 i
473 4310 541 4386 qua
565 4310 643 4365 nou
666 4290 786 4390 inepte
810 4288 887 4390 quir
910 4290 1041 4368 dicitur
1065 4311 1127 4389 per
1152 4286 1454 4389 dispensationem·
1475 4290 1639 4370 liberari.
1663 4300 1668 4307 ’

942 4770 945 4774 ,
1756 4700 1842 4781 ott·

401 4882 457 4954 (ὃ)
476 4890 583 4952 M
595 4932 606 4962 ,
626 4890 664 4951 D.
684 4903 733 4962 ιι.
750 4814 1882 4969 Damnum

359 4960 600 5107 xla-Avertat.
618 4972 670 5037 tit·
692 4992 719 5039 t·
738 4966 880 5044 Thesara.
898 4990 978 5079 pau.
1000 4993 1065 5045 aaa.
1104 4970 1168 5081 (tl)¹
1185 4975 1291 5065 trull.
1306 4977 1403 5057 m.
1423 4978 1501 5063 κῃ.
1520 4975 1571 5111 aaa
1589 4974 1764 5051 cmm,
1777 4973 1883 5046 mu·
