3856 5678
232 116 309 197 214
441 182 456 217 1
573 94 1226 174 'Oxorxartotvrs

183 235 308 313 'recibir
335 234 502 311 informes
527 233 573 308 de
597 232 637 311 su
655 233 832 311 'utllidad
861 232 895 310 Y
921 234 1118 311 necesstdad
1145 231 1295 332 precisa,
1323 256 1468 349 yganar
1491 237 1526 309 el
1550 232 1720 335 benepla-

180 341 255 417 cito
279 339 323 412 de
348 340 401 412 los
426 336 637 437 Azobispos,
664 336 689 411 ὸ
714 335 884 436 Obispos,
910 364 975 436 que
1001 363 1047 412 en
1069 339 1158 412 ellas
1183 337 1314 434 podian
1350 333 1404 411 ser
1428 332 1655 413 interelsado's¹
1690 334 1721 411 b

155 439 423 538 ‘perjudirados
449 494 460 531 ,
495 463 518 534 y
556 439 692 515 embiar
716 441 872 515 relation
898 442 942 514 de
969 441 1070 515 todo·
1093 441 1126 513 al
1151 438 1303 513 'Summo
1327 434 1523 532 Pontifice,
1563 442 1596 512 el
1632 441 1720 539 qual

180 542 215 616 se
242 541 344 616 srtvio
366 542 412 614 de
440 540 591 639 aprobar
617 567 639 636 y
667 541 812 615 admitir
838 546 871 615 la
899 564 1010 616 nucva
1037 543 1195 617 creceion
1223 546 1264 613 de
1289 539 1523 615 Cathcdrales
1557 539 1594 633 y¹
1616 539 1726 614 Obis·

181 669 243 743 pos
269 668 353 741 para
380 643 488 734 ellas,
515 669 537 736 y
564 641 617 717 sus
643 641 849 734 divisiones,
887 645 1112 718 tomeriendo
1140 645 1159 714 al
1186 645 1238 716 los
1263 642 1408 716 milmos
1434 642 1583 735 Rejesy
1622 644 1644 714 a
1671 644 1728 715 las

180 741 345 844 personas
368 770 436 842 que
462 746 550 818 ellos
574 770 652 819 non
688 741 822 819 bralsen
848 746 882 819 la
919 742 1035 819 sotma
1063 745 1256 843 particular
1292 743 1449 817 decada
1486 741 1726 835 dnifion,c'>

180 844 443 925 sefialamiento
469 847 513 921 de
539 850 592 920 los
618 849 788 921 terminos
812 846 857 919 de
883 847 970 921 eada
997 847 1141 932 dioceſss.

286 948 389 1025 Dum
415 960 570 1023 reserat
596 950 639 1023 de
665 949 866 1038 mutandis,
895 946 1149 1046 corrigendisve
1172 947 1387 1022 erehionum
1412 947 1575 1039 statutis,
1601 970 1721 1021 tecut-

182 1047 239 1125 sus
265 1053 310 1126 ad
335 1051 525 1129 Summum
552 1049 764 1126 Pontificem
791 1072 865 1124 non
889 1049 939 1125 est
964 1050 1098 1142 fastus,
1123 1051 1203 1147 quia
1230 1047 1381 1123 facultas
1407 1050 1460 1122 vel
1486 1046 1725 1147 qttatpraesen-

186 1155 214 1228 ti
240 1153 465 1228 ordinatione
492 1153 720 1241 conceditur,
747 1152 802 1227 vel
828 1176 903 1248 quae
929 1140 967 1226 in
992 1154 1089 1249 regio
1112 1153 1186 1244 jure
1212 1169 1420 1247 patronatus
1441 1150 1725 1224 lndiarumcon·

186 1257 345 1345 tinetur.²
368 1252 416 1328 est
443 1251 632 1327 absoluta.
669 1251 776 1348 Juxta
801 1254 897 1351 quod
925 1253 981 1328 lll.
1008 1253 1180 1326 Villatoel
1218 1257 1290 1340 (a)
1317 1249 1445 1343 refert,
1491 1276 1551 1349 per
1588 1252 1728 1347 regiam

184 1354 389 1432 schedulam
417 1352 451 1426 8.
479 1352 641 1446 Januarii
670 1362 779 1428 1620.
805 1357 984 1429 decretum
1010 1351 1100 1445 effe,
1126 1376 1165 1428 ut
1192 1355 1235 1426 ab
1261 1354 1432 1428 erectione
1468 1351 1727 1449 Metropolita-

189 1484 243 1533 nae
269 1453 435 1531 Ecclestae
459 1452 632 1530 Platensts
657 1455 831 1529 deleretur
857 1456 1033 1546 clausula,
1059 1482 1126 1554 qua
1154 1456 1299 1552 praelato
1336 1453 1577 1528 reservabatur
1610 1450 1728 1529 facul·

186 1582 243 1635 tas
268 1557 373 1631 dubia
400 1557 654 1652 interpretandi
679 1556 771 1630 circa
808 1558 1050 1631 eredionem:
1087 1557 1374 1654 declaratumque
1412 1555 1448 1628 id
1484 1554 1599 1628 solum
1626 1580 1728 1629 eom-

189 1680 305 1759 petete
331 1657 564 1733 Cancellariae
590 1656 719 1733 Prelidi
759 1657 805 1732 ibi
842 1659 964 1753 agenti
989 1656 1303 1732 llice-Patronum.
1332 1656 1379 1730 Et
1417 1659 1453 1729 in
1477 1655 1560 1750 Jure
1597 1654 1730 1731 Indico

185 1763 315 1839 dicitur
342 1757 436 1852 (pb):
464 1759 664 1833 Ordenamos
690 1784 712 1852 y
738 1760 974 1849 mandantos,
1002 1784 1068 1855 que
1094 1784 1141 1833 en
1165 1762 1217 1832 las
1241 1760 1456 1848 stelliones,
1478 1782 1544 1855 que
1580 1756 1731 1833 estuvie·

191 1889 254 1940 ren
279 1862 433 1949 hechas,
460 1886 481 1953 y
508 1860 542 1935 se
567 1853 724 1936 hicieten
750 1861 793 1933 de
831 1863 909 1957 aqui
950 1862 1145 1952 adelante,
1181 1861 1214 1932 se
1242 1884 1359 1958 ponga
1397 1858 1553 1933 clausula
1589 1861 1734 1958 deque

191 1968 335 2063 quando
362 1962 396 2034 se
421 1956 600 2035 ofl'reciere
626 1988 692 2061 que
731 1963 923 2053 emendar,
951 1965 1120 2057 amplias,
1146 1965 1321 2057 corregir,
1358 1962 1544 2036 ellablecer
1568 1960 1616 2034 de
1641 1984 1731 2035 nue-

191 2093 265 2155 v0,
286 2066 310 2138 ὸ
335 2063 520 2153 declarat,
548 2066 601 2136 los
626 2064 785 2162 prelados
810 2088 876 2135 nos
903 2067 940 2139 lo
967 2063 1086 2138 avilen
1108 2088 1155 2137 en
1179 2065 1318 2137 nuellro
1343 2062 1567 2152 Consejoldc
1594 2065 1646 2136 las
1670 2060 1753 2137 ln—

189 2168 286 2243 dias.
316 2162 351 2242 Y
378 2161 405 2237 fi
431 2165 464 2240 la
490 2167 648 2242 materia
672 2161 770 2239 suere
797 2167 847 2237 tal
873 2190 938 2261 que
966 2167 1078 2259 pueda
1106 2184 1200 2237 tener
1229 2165 1363 2265 peligro
1387 2189 1432 2237 en
1457 2168 1492 2239 la
1520 2165 1689 2239 tardanza
1717 2215 1773 2257 ,fl

189 2273 224 2345 la
266 2265 449 2345 resuelvan
485 2292 548 2363 por
574 2266 686 2340 ahora
722 2266 879 2340 nuesltos
905 2267 1077 2356 Virrejes,
1103 2263 1388 2358 Prefidentes,y
1427 2266 1646 2339 Audiencias
1673 2292 1686 2339 ι
1709 2289 1773 2359 γε

191 2368 266 2446 esto
289 2368 326 2447 se.
348 2386 494 2446 execute
521 2394 593 2449 cun
615 2367 756 2442 calidad
781 2366 825 2441 de
850 2391 987 2469 queen
1012 2371 1048 2442 la
1074 2369 1225 2466 ptimeta
1251 2365 1416 2442 occaston
1440 2369 1510 2443 den
1536 2385 1668 2443 cuenta
1695 2368 1773 2444 a!

188 2471 347 2568 Consejo,

577 2666 1155 2748 Ottottvn'sto
1256 2670 1349 2746 cu„

688 2772 829 2849 Eodem
856 2797 951 2847 anno
977 2777 1012 2849 dc
1037 2774 1120 2847 die,

186 2969 190 2976 ’
287 2974 321 3053 E
355 2973 442 3049 Indi
467 2995 663 3050 teneantur
692 2975 811 3050 ullum.
835 2975 1060 3051 interdishtm·
1092 2974 1264 3065 servare,
1290 2968 1355 3049 nist
1382 2974 1432 3048 illi
1456 2973 1623 3050 dederint
1648 2998 1763 3053 eatr-

313 3078 393 3153 sam
418 3081 472 3150 vel
499 3075 699 3175 specialiter
725 3078 896 3151 interdiell
923 3076 1012 3150 fint.
1041 3078 1165 3151 Valuit
1191 3076 1295 3175 usque
1324 3077 1369 3151 ad
1406 3101 1517 3152 annos
1545 3079 1694 3174 triginta
1728 3129 1756 3169 ,

191 3182 261 3254 hoc
287 3178 359 3270 est,
386 3178 564 3275 usquead
593 3203 730 3250 annum
759 3203 772 3250 r
780 3200 866 3273 592.
896 3176 953 3252 lta
979 3180 1224 3253 Summarium
1247 3179 1516 3276 privilegiorum
1540 3182 1560 3251 a
1599 3178 1747 3253 Conci-

191 3282 242 3357 llo
269 3278 429 3357 Limenst
457 3276 715 3373 approbatum.
742 3277 796 3350 Fr.
824 3278 978 3374 Joanncs
1004 3280 1162 3377 Baptista
1190 3283 1283 3377 apud
1307 3283 1504 3356 Avendafio
1532 3282 1582 3356 air
1623 3285 1698 3370 (e)
1725 3332 1746 3371 ,‚

187 3382 293 3458 ‘Indis
320 3380 339 3451 ὲ
365 3378 432 3454 Ρῑο
459 3380 504 3450 V.
532 3377 597 3451 esse
637 3378 836 3454 concessum
861 3437 871 3472 ,
897 3405 938 3455 ur
966 3376 1093 3478 possint
1128 3403 1287 3478 tempore
1311 3384 1484 3458 interdidti
1519 3383 1645 3457 audire
1680 3380 1735 3455 sa·

194 3508 329 3559 ctum.
370 3481 438 3555 Sed
473 3480 699 3554 videturesse
725 3484 899 3558 conceffio
925 3484 1094 3581 praesens,
1133 3485 1304 3580 quaejam
1343 3485 1404 3556 diu
1430 3484 1638 3580 expiravit,
1675 3507 1735 3555 cu-

191 3586 244 3674 jus
282 3583 470 3759 casducitas‘
502 3581 763 3681 supprimitur,
798 3592 834 3663 dr
868 3612 946 3687 quar.
979 3585 1044 3661 Pio
1083 3584 1152 3657 Vc
1168 3584 1331 3660 tribuitur
1357 3639 1373 3679 ,4
1406 3610 1489 3661 cum
1515 3587 1535 3657 d
1561 3582 1635 3659 Pio
1666 3582 1730 3658 IV.

189 3685 285 3765 sasla
326 3705 379 3761 tt.

586 3886 1175 3967 ORDIN'ATIO
1220 3889 1359 3968 ‚CIIL

756 3993 896 4068 Eodem
920 4018 1016 4069 anno
1041 3999 1077 4072 dc
1100 3993 1184 4069 die..

288 4195 329 4274 T
350 4194 433 4272 lndi
456 4214 683 4292 quocumque
722 4195 810 4266 anni
835 4215 994 4292 tempore
1021 4199 1128 4270 velari
1156 4194 1302 4293 prssrnt,
1329 4202 1364 4273 dt
1398 4196 1596 4291 nuptialem
1632 4195 1729 4269 bene·

313 4300 505 4372 dislionem
542 4296 704 4388 accipere
736 4350 746 4386 ,
794 4298 990 4371 dummodo
1026 4300 1192 4396 nuptialis
1230 4323 1365 4395 pompae
1411 4319 1622 4393 apparatum
1666 4296 1727 4370 illis

196 4399 410 4501 temporibus
435 4422 513 4471 non
535 4395 754 4490 exhibeant,
782 4399 819 4472 in
846 4399 967 4497 quibus
992 4400 1177 4498 prohibitae,
1200 4396 1280 4475 sunt
1305 4397 1478 4492 ejusmodi
1502 4401 1726 4480 velationes.

1608 4502 1681 4576 Sed

196 4627 268 4647 -
278 4622 1726 4651 -----·--—u—--WQ—-—·—pn—-fl

239 4730 292 4797 (a)
312 4725 516 4792 tharmpud
526 4726 618 4793 Fraffo
630 4742 691 4789 cap.
704 4745 750 4790 tt·
761 4744 790 4780 n.
801 4746 849 4791 μ.
887 4725 944 4794 (1))
966 4727 1029 4785 Lib.
1052 4727 1437 4799 r.rir.2.l.14.Reeep.1nd.
1477 4731 1488 4799 (
1497 4729 1530 4799 c)
1549 4728 1729 4797 uiuendum,

196 4804 244 4860 rit.
269 4827 311 4859 υ.
332 4804 363 4860 T
364 4805 474 4875 belaur.
492 4801 555 4860 lnd.
575 4819 652 4859 num.
677 4821 741 4866 ²²5·
1711 4829 1715 4835 .
