<?xml version="1.0" encoding="UTF-8"?>
<!DOCTYPE html PUBLIC "-//W3C//DTD XHTML 1.0 Transitional//EN"
    "http://www.w3.org/TR/xhtml1/DTD/xhtml1-transitional.dtd">
<html xmlns="http://www.w3.org/1999/xhtml" xml:lang="en" lang="en">
 <head>
  <title>
</title>
<meta http-equiv="Content-Type" content="text/html;charset=utf-8" />
  <meta name='ocr-system' content='tesseract 3.04.00' />
  <meta name='ocr-capabilities' content='ocr_page ocr_carea ocr_par ocr_line ocrx_word'/>
</head>
<body>
  <div class='ocr_page' id='page_1' title='image "./fastinoviorbise00moregoog_0160.png"; bbox 0 0 3856 5678; ppageno 0'>
   <div class='ocr_carea' id='block_1_1' title="bbox 537 346 1666 451">
    <p class='ocr_par' dir='ltr' id='par_1_1' title="bbox 537 346 1666 451">
     <span class='ocr_line' id='line_1_1' title="bbox 537 346 1666 451; baseline 0.002 -29"><span class='ocrx_word' id='word_1_1' title='bbox 537 346 574 422; x_wconf 86' lang='lat' dir='ltr'>A</span> <span class='ocrx_word' id='word_1_2' title='bbox 597 366 619 426; x_wconf 82' lang='lat' dir='ltr'>v</span> <span class='ocrx_word' id='word_1_3' title='bbox 642 357 673 426; x_wconf 87' lang='lat' dir='ltr'>o</span> <span class='ocrx_word' id='word_1_4' title='bbox 697 364 715 424; x_wconf 93' lang='lat' dir='ltr'>s</span> <span class='ocrx_word' id='word_1_5' title='bbox 740 363 766 422; x_wconf 83' lang='lat' dir='ltr'>r</span> <span class='ocrx_word' id='word_1_6' title='bbox 790 363 867 425; x_wconf 79' lang='grc' dir='ltr'>οι</span> <span class='ocrx_word' id='word_1_7' title='bbox 892 365 905 424; x_wconf 89' lang='grc' dir='ltr'><strong>ι</strong></span> <span class='ocrx_word' id='word_1_8' title='bbox 931 366 958 426; x_wconf 93' lang='lat' dir='ltr'>c</span> <span class='ocrx_word' id='word_1_9' title='bbox 982 365 1039 423; x_wconf 68' lang='lat' dir='ltr'>a.</span> <span class='ocrx_word' id='word_1_10' title='bbox 1095 367 1231 448; x_wconf 86' lang='lat' dir='ltr'>15oo.-</span> <span class='ocrx_word' id='word_1_11' title='bbox 1261 351 1369 447; x_wconf 85' lang='lat'>1563.</span> <span class='ocrx_word' id='word_1_12' title='bbox 1592 369 1666 451; x_wconf 82' lang='lat'>149</span> 
     </span>
    </p>
   </div>
   <div class='ocr_carea' id='block_1_2' title="bbox 167 480 1752 3848">
    <p class='ocr_par' dir='ltr' id='par_1_2' title="bbox 167 480 1752 3848">
     <span class='ocr_line' id='line_1_2' title="bbox 189 480 1716 586; baseline -0.005 -15"><span class='ocrx_word' id='word_1_13' title='bbox 189 509 244 571; x_wconf 83' lang='lat' dir='ltr'>tur</span> <span class='ocrx_word' id='word_1_14' title='bbox 268 488 369 566; x_wconf 73' lang='lat' dir='ltr'>diuis</span> <span class='ocrx_word' id='word_1_15' title='bbox 393 483 603 564; x_wconf 87' lang='lat' dir='ltr'>officialium</span> <span class='ocrx_word' id='word_1_16' title='bbox 628 486 689 563; x_wconf 87' lang='lat' dir='ltr'>seu</span> <span class='ocrx_word' id='word_1_17' title='bbox 712 484 953 564; x_wconf 86' lang='lat' dir='ltr'>ministrorum</span> <span class='ocrx_word' id='word_1_18' title='bbox 979 487 1016 561; x_wconf 90' lang='lat' dir='ltr'>in</span> <span class='ocrx_word' id='word_1_19' title='bbox 1042 488 1141 565; x_wconf 84' lang='lat' dir='ltr'>rebus</span> <span class='ocrx_word' id='word_1_20' title='bbox 1168 487 1214 565; x_wconf 88' lang='lat' dir='ltr'>ad</span> <span class='ocrx_word' id='word_1_21' title='bbox 1240 486 1395 586; x_wconf 86' lang='lat' dir='ltr'>ipsorum</span> <span class='ocrx_word' id='word_1_22' title='bbox 1420 480 1578 566; x_wconf 85' lang='lat' dir='ltr'>officium</span> <span class='ocrx_word' id='word_1_23' title='bbox 1612 488 1716 586; x_wconf 69' lang='lat' dir='ltr'>perti</span> 
     </span>
     <span class='ocr_line' id='line_1_3' title="bbox 190 587 1713 690; baseline -0.005 -19"><span class='ocrx_word' id='word_1_24' title='bbox 190 593 374 684; x_wconf 83' lang='lat' dir='ltr'>uentibus,</span> <span class='ocrx_word' id='word_1_25' title='bbox 399 613 439 667; x_wconf 92' lang='lat' dir='ltr'>ut</span> <span class='ocrx_word' id='word_1_26' title='bbox 465 592 583 688; x_wconf 83' lang='lat' dir='ltr'><strong>colligi</strong></span> <span class='ocrx_word' id='word_1_27' title='bbox 610 587 722 690; x_wconf 91' lang='lat' dir='ltr'>potest</span> <span class='ocrx_word' id='word_1_28' title='bbox 743 613 789 663; x_wconf 84' lang='lat' dir='ltr'>ex</span> <span class='ocrx_word' id='word_1_29' title='bbox 815 590 886 680; x_wconf 79' lang='lat' dir='ltr'>eius</span> <span class='ocrx_word' id='word_1_30' title='bbox 909 587 1061 665; x_wconf 88' lang='lat' dir='ltr'>Constit.</span> <span class='ocrx_word' id='word_1_31' title='bbox 1094 611 1176 687; x_wconf 81' lang='lat'>157.</span> <span class='ocrx_word' id='word_1_32' title='bbox 1202 597 1238 669; x_wconf 74' lang='lat' dir='ltr'>dc</span> <span class='ocrx_word' id='word_1_33' title='bbox 1269 613 1349 688; x_wconf 85' lang='lat'>195·</span> <span class='ocrx_word' id='word_1_34' title='bbox 1387 589 1522 667; x_wconf 90' lang='lat' dir='ltr'>Bullar.</span> <span class='ocrx_word' id='word_1_35' title='bbox 1560 610 1649 666; x_wconf 88' lang='lat' dir='ltr'>tom.</span> <span class='ocrx_word' id='word_1_36' title='bbox 1676 613 1713 687; x_wconf 82' lang='lat'>4.</span> 
     </span>
     <span class='ocr_line' id='line_1_4' title="bbox 189 689 1752 792; baseline -0.003 -21"><span class='ocrx_word' id='word_1_37' title='bbox 189 697 322 773; x_wconf 76' lang='lat' dir='ltr'>Verum</span> <span class='ocrx_word' id='word_1_38' title='bbox 348 720 432 769; x_wconf 91' lang='lat' dir='ltr'>cum</span> <span class='ocrx_word' id='word_1_39' title='bbox 468 717 590 769; x_wconf 90' lang='lat' dir='ltr'>omnes</span> <span class='ocrx_word' id='word_1_40' title='bbox 622 691 678 766; x_wconf 79' lang='lat' dir='ltr'>hae</span> <span class='ocrx_word' id='word_1_41' title='bbox 702 689 982 767; x_wconf 77' lang='lat' dir='ltr'>constitutiones</span> <span class='ocrx_word' id='word_1_42' title='bbox 1017 693 1208 792; x_wconf 87' lang='lat' dir='ltr'>loquantur</span> <span class='ocrx_word' id='word_1_43' title='bbox 1246 692 1291 766; x_wconf 87' lang='lat' dir='ltr'>de</span> <span class='ocrx_word' id='word_1_44' title='bbox 1317 691 1592 770; x_wconf 73' lang='lat' dir='ltr'>concessionibus</span> <span class='ocrx_word' id='word_1_45' title='bbox 1628 696 1715 769; x_wconf 79' lang='lat' dir='ltr'>vivae</span> <span class='ocrx_word' id='word_1_46' title='bbox 1751 729 1752 732; x_wconf 38' lang='lat'>¹</span> 
     </span>
     <span class='ocr_line' id='line_1_5' title="bbox 191 792 1718 893; baseline -0.007 -15"><span class='ocrx_word' id='word_1_47' title='bbox 191 801 283 877; x_wconf 89' lang='lat' dir='ltr'>vocis</span> <span class='ocrx_word' id='word_1_48' title='bbox 309 800 459 872; x_wconf 90' lang='lat' dir='ltr'>oraculo</span> <span class='ocrx_word' id='word_1_49' title='bbox 484 792 581 871; x_wconf 68' lang='lat' dir='ltr'>fallis</span> <span class='ocrx_word' id='word_1_50' title='bbox 607 793 774 869; x_wconf 88' lang='lat' dir='ltr'>institutis</span> <span class='ocrx_word' id='word_1_51' title='bbox 801 800 837 871; x_wconf 76' lang='lat' dir='ltr'>bc</span> <span class='ocrx_word' id='word_1_52' title='bbox 860 792 1037 870; x_wconf 85' lang='lat' dir='ltr'>ordinibus</span> <span class='ocrx_word' id='word_1_53' title='bbox 1064 795 1301 893; x_wconf 77' lang='lat' dir='ltr'>regularibus,</span> <span class='ocrx_word' id='word_1_54' title='bbox 1328 819 1473 892; x_wconf 89' lang='lat' dir='ltr'>pereas</span> <span class='ocrx_word' id='word_1_55' title='bbox 1498 793 1718 871; x_wconf 70' lang='lat' dir='ltr'>subrumar-</span> 
     </span>
     <span class='ocr_line' id='line_1_6' title="bbox 187 894 1715 998; baseline -0.005 -19"><span class='ocrx_word' id='word_1_56' title='bbox 187 904 219 980; x_wconf 83' lang='lat' dir='ltr'>ci</span> <span class='ocrx_word' id='word_1_57' title='bbox 245 919 425 998; x_wconf 89' lang='lat' dir='ltr'>nequeunt</span> <span class='ocrx_word' id='word_1_58' title='bbox 450 899 535 990; x_wconf 77' lang='lat' dir='ltr'>illa,</span> <span class='ocrx_word' id='word_1_59' title='bbox 561 921 638 995; x_wconf 74' lang='lat' dir='ltr'>qum</span> <span class='ocrx_word' id='word_1_60' title='bbox 663 897 790 971; x_wconf 69' lang='lat' dir='ltr'>direile</span> <span class='ocrx_word' id='word_1_61' title='bbox 824 894 1013 992; x_wconf 89' lang='lat' dir='ltr'>respiciunt</span> <span class='ocrx_word' id='word_1_62' title='bbox 1050 901 1188 973; x_wconf 90' lang='lat' dir='ltr'>cultum</span> <span class='ocrx_word' id='word_1_63' title='bbox 1212 894 1393 974; x_wconf 88' lang='lat' dir='ltr'>servorum</span> <span class='ocrx_word' id='word_1_64' title='bbox 1430 897 1526 988; x_wconf 89' lang='lat' dir='ltr'>Dei,</span> <span class='ocrx_word' id='word_1_65' title='bbox 1565 897 1715 995; x_wconf 89' lang='lat' dir='ltr'>ideoque</span> 
     </span>
     <span class='ocr_line' id='line_1_7' title="bbox 190 996 1712 1100; baseline -0.005 -19"><span class='ocrx_word' id='word_1_66' title='bbox 190 1024 328 1081; x_wconf 88' lang='lat' dir='ltr'>tantum</span> <span class='ocrx_word' id='word_1_67' title='bbox 355 1001 495 1100; x_wconf 84' lang='lat' dir='ltr'>oblique</span> <span class='ocrx_word' id='word_1_68' title='bbox 520 1000 704 1089; x_wconf 87' lang='lat' dir='ltr'>instituta,</span> <span class='ocrx_word' id='word_1_69' title='bbox 732 996 798 1072; x_wconf 82' lang='lat' dir='ltr'>slve</span> <span class='ocrx_word' id='word_1_70' title='bbox 824 998 964 1071; x_wconf 82' lang='lat' dir='ltr'>ordines</span> <span class='ocrx_word' id='word_1_71' title='bbox 991 1003 1185 1094; x_wconf 83' lang='lat' dir='ltr'>regulares,</span> <span class='ocrx_word' id='word_1_72' title='bbox 1213 997 1335 1096; x_wconf 88' lang='lat' dir='ltr'>quibus</span> <span class='ocrx_word' id='word_1_73' title='bbox 1362 1019 1401 1073; x_wconf 91' lang='lat' dir='ltr'>ut</span> <span class='ocrx_word' id='word_1_74' title='bbox 1428 1001 1622 1096; x_wconf 89' lang='lat' dir='ltr'>plurimum</span> <span class='ocrx_word' id='word_1_75' title='bbox 1647 1000 1712 1073; x_wconf 91' lang='lat' dir='ltr'>da·</span> 
     </span>
     <span class='ocr_line' id='line_1_8' title="bbox 192 1096 1715 1197; baseline -0.003 -15"><span class='ocrx_word' id='word_1_76' title='bbox 192 1126 247 1182; x_wconf 85' lang='lat' dir='ltr'>tur</span> <span class='ocrx_word' id='word_1_77' title='bbox 281 1102 434 1180; x_wconf 82' lang='lat' dir='ltr'>facultas</span> <span class='ocrx_word' id='word_1_78' title='bbox 469 1100 641 1175; x_wconf 88' lang='lat' dir='ltr'>recitandi</span> <span class='ocrx_word' id='word_1_79' title='bbox 677 1123 732 1174; x_wconf 84' lang='lat' dir='ltr'>ex.</span> <span class='ocrx_word' id='word_1_80' title='bbox 758 1123 809 1197; x_wconf 89' lang='lat' dir='ltr'>gr.</span> <span class='ocrx_word' id='word_1_81' title='bbox 836 1096 995 1174; x_wconf 87' lang='lat' dir='ltr'>officium</span> <span class='ocrx_word' id='word_1_82' title='bbox 1018 1119 1035 1191; x_wconf 67' lang='lat'>,‘</span> <span class='ocrx_word' id='word_1_83' title='bbox 1068 1120 1130 1175; x_wconf 89' lang='lat' dir='ltr'>aut</span> <span class='ocrx_word' id='word_1_84' title='bbox 1164 1097 1312 1176; x_wconf 84' lang='lat' dir='ltr'>Miliam</span> <span class='ocrx_word' id='word_1_85' title='bbox 1347 1102 1385 1175; x_wconf 93' lang='lat' dir='ltr'>in</span> <span class='ocrx_word' id='word_1_86' title='bbox 1409 1100 1604 1176; x_wconf 88' lang='lat' dir='ltr'>eorundem</span> <span class='ocrx_word' id='word_1_87' title='bbox 1640 1099 1715 1177; x_wconf 87' lang='lat' dir='ltr'>Dei</span> 
     </span>
     <span class='ocr_line' id='line_1_9' title="bbox 190 1196 1715 1294; baseline -0.005 -8"><span class='ocrx_word' id='word_1_88' title='bbox 190 1207 378 1286; x_wconf 76' lang='lat' dir='ltr'>Servorum</span> <span class='ocrx_word' id='word_1_89' title='bbox 405 1204 581 1278; x_wconf 87' lang='lat' dir='ltr'>honorem</span> <span class='ocrx_word' id='word_1_90' title='bbox 606 1200 835 1275; x_wconf 88' lang='lat' dir='ltr'>celebrandi.</span> <span class='ocrx_word' id='word_1_91' title='bbox 872 1196 1009 1294; x_wconf 81' lang='lat' dir='ltr'>Qtibus</span> <span class='ocrx_word' id='word_1_92' title='bbox 1047 1199 1223 1279; x_wconf 67' lang='lat' dir='ltr'>Benedicti</span> <span class='ocrx_word' id='word_1_93' title='bbox 1262 1200 1370 1276; x_wconf 87' lang='lat' dir='ltr'>verbis</span> <span class='ocrx_word' id='word_1_94' title='bbox 1395 1205 1439 1277; x_wconf 91' lang='lat' dir='ltr'>de</span> <span class='ocrx_word' id='word_1_95' title='bbox 1476 1225 1625 1277; x_wconf 90' lang='lat' dir='ltr'>numero</span> <span class='ocrx_word' id='word_1_96' title='bbox 1651 1227 1715 1278; x_wconf 86' lang='lat' dir='ltr'>au·</span> 
     </span>
     <span class='ocr_line' id='line_1_10' title="bbox 191 1301 1715 1400; baseline 0 -18"><span class='ocrx_word' id='word_1_97' title='bbox 191 1310 337 1388; x_wconf 90' lang='lat' dir='ltr'>thorum</span> <span class='ocrx_word' id='word_1_98' title='bbox 363 1307 473 1384; x_wconf 87' lang='lat' dir='ltr'>modo</span> <span class='ocrx_word' id='word_1_99' title='bbox 510 1307 625 1400; x_wconf 90' lang='lat' dir='ltr'>vigere</span> <span class='ocrx_word' id='word_1_100' title='bbox 651 1305 734 1379; x_wconf 83' lang='lat' dir='ltr'>vivae</span> <span class='ocrx_word' id='word_1_101' title='bbox 767 1303 862 1377; x_wconf 85' lang='lat' dir='ltr'>vocis</span> <span class='ocrx_word' id='word_1_102' title='bbox 899 1303 1044 1377; x_wconf 89' lang='lat' dir='ltr'>oracula</span> <span class='ocrx_word' id='word_1_103' title='bbox 1084 1301 1339 1379; x_wconf 83' lang='lat' dir='ltr'>affirmantium</span> <span class='ocrx_word' id='word_1_104' title='bbox 1360 1357 1373 1388; x_wconf 85' lang='lat'>,</span> <span class='ocrx_word' id='word_1_105' title='bbox 1398 1303 1609 1379; x_wconf 86' lang='lat' dir='ltr'>detrahendi</span> <span class='ocrx_word' id='word_1_106' title='bbox 1635 1302 1715 1382; x_wconf 88' lang='lat' dir='ltr'>sunt</span> 
     </span>
     <span class='ocr_line' id='line_1_11' title="bbox 191 1403 1714 1510; baseline -0.001 -24"><span class='ocrx_word' id='word_1_107' title='bbox 191 1413 247 1510; x_wconf 90' lang='lat' dir='ltr'>qui</span> <span class='ocrx_word' id='word_1_108' title='bbox 274 1410 367 1510; x_wconf 85' lang='lat' dir='ltr'>apud</span> <span class='ocrx_word' id='word_1_109' title='bbox 393 1407 590 1481; x_wconf 80' lang='lat' dir='ltr'>Avendafio</span> <span class='ocrx_word' id='word_1_110' title='bbox 614 1410 685 1494; x_wconf 83' lang='lat' dir='ltr'>(a)</span> <span class='ocrx_word' id='word_1_111' title='bbox 711 1405 921 1502; x_wconf 84' lang='lat' dir='ltr'>excipiunt:</span> <span class='ocrx_word' id='word_1_112' title='bbox 956 1405 1139 1479; x_wconf 77' lang='lat' dir='ltr'>Dummodo</span> <span class='ocrx_word' id='word_1_113' title='bbox 1163 1405 1265 1480; x_wconf 80' lang='lat' dir='ltr'>aliter</span> <span class='ocrx_word' id='word_1_114' title='bbox 1291 1431 1350 1478; x_wconf 85' lang='lat' dir='ltr'>non</span> <span class='ocrx_word' id='word_1_115' title='bbox 1375 1406 1492 1480; x_wconf 76' lang='lat' dir='ltr'>habear</span> <span class='ocrx_word' id='word_1_116' title='bbox 1522 1403 1617 1492; x_wconf 69' lang='lat' dir='ltr'>fiilos</span> <span class='ocrx_word' id='word_1_117' title='bbox 1649 1410 1680 1480; x_wconf 83' lang='lat' dir='ltr'><em>C</em></span> <span class='ocrx_word' id='word_1_118' title='bbox 1679 1435 1714 1484; x_wconf 86' lang='lat' dir='ltr'>u·</span> 
     </span>
     <span class='ocr_line' id='line_1_12' title="bbox 193 1504 1637 1604; baseline -0.005 -14"><span class='ocrx_word' id='word_1_119' title='bbox 193 1515 247 1591; x_wconf 82' lang='lat' dir='ltr'>tiae</span> <span class='ocrx_word' id='word_1_120' title='bbox 271 1517 448 1601; x_wconf 78' lang='lat' dir='ltr'>Romanae3</span> <span class='ocrx_word' id='word_1_121' title='bbox 473 1527 570 1582; x_wconf 87' lang='lat' dir='ltr'>nam</span> <span class='ocrx_word' id='word_1_122' title='bbox 585 1505 680 1582; x_wconf 84' lang='lat' dir='ltr'>stilus</span> <span class='ocrx_word' id='word_1_123' title='bbox 703 1504 821 1582; x_wconf 80' lang='lat' dir='ltr'>Curiae</span> <span class='ocrx_word' id='word_1_124' title='bbox 846 1507 938 1579; x_wconf 88' lang='lat' dir='ltr'>illius</span> <span class='ocrx_word' id='word_1_125' title='bbox 961 1504 1068 1604; x_wconf 75' lang='lat' dir='ltr'>probb</span> <span class='ocrx_word' id='word_1_126' title='bbox 1092 1526 1197 1582; x_wconf 88' lang='lat' dir='ltr'>notus</span> <span class='ocrx_word' id='word_1_127' title='bbox 1222 1527 1298 1582; x_wconf 92' lang='lat' dir='ltr'>erat</span> <span class='ocrx_word' id='word_1_128' title='bbox 1324 1507 1512 1584; x_wconf 72' lang='lat' dir='ltr'>Benedicto</span> <span class='ocrx_word' id='word_1_129' title='bbox 1537 1506 1637 1586; x_wconf 85' lang='lat' dir='ltr'><strong>XIV.</strong></span> 
     </span>
     <span class='ocr_line' id='line_1_13' title="bbox 287 1604 1713 1708; baseline -0.003 -18"><span class='ocrx_word' id='word_1_130' title='bbox 287 1612 390 1690; x_wconf 88' lang='lat' dir='ltr'>Nota</span> <span class='ocrx_word' id='word_1_131' title='bbox 416 1612 544 1695; x_wconf 86' lang='lat' dir='ltr'>etiam,</span> <span class='ocrx_word' id='word_1_132' title='bbox 572 1610 732 1707; x_wconf 85' lang='lat' dir='ltr'>quamvis</span> <span class='ocrx_word' id='word_1_133' title='bbox 758 1609 903 1683; x_wconf 88' lang='lat' dir='ltr'>nominc</span> <span class='ocrx_word' id='word_1_134' title='bbox 929 1608 1124 1704; x_wconf 83' lang='lat' dir='ltr'>gratiarum</span> <span class='ocrx_word' id='word_1_135' title='bbox 1151 1611 1268 1683; x_wconf 88' lang='lat' dir='ltr'>venire</span> <span class='ocrx_word' id='word_1_136' title='bbox 1296 1607 1421 1708; x_wconf 83' lang='lat' dir='ltr'>poffint</span> <span class='ocrx_word' id='word_1_137' title='bbox 1449 1604 1713 1707; x_wconf 75' lang='lat' dir='ltr'>indulgentia,</span> 
     </span>
     <span class='ocr_line' id='line_1_14' title="bbox 193 1706 1714 1811; baseline -0.001 -19"><span class='ocrx_word' id='word_1_138' title='bbox 193 1734 348 1792; x_wconf 83' lang='lat' dir='ltr'>mentem</span> <span class='ocrx_word' id='word_1_139' title='bbox 374 1709 556 1786; x_wconf 83' lang='lat' dir='ltr'>Pontificis</span> <span class='ocrx_word' id='word_1_140' title='bbox 581 1735 656 1784; x_wconf 92' lang='lat' dir='ltr'>non</span> <span class='ocrx_word' id='word_1_141' title='bbox 681 1706 779 1784; x_wconf 82' lang='lat' dir='ltr'>fuilIe</span> <span class='ocrx_word' id='word_1_142' title='bbox 804 1732 863 1784; x_wconf 89' lang='lat' dir='ltr'>eas</span> <span class='ocrx_word' id='word_1_143' title='bbox 888 1732 1075 1800; x_wconf 87' lang='lat' dir='ltr'>revocate,</span> <span class='ocrx_word' id='word_1_144' title='bbox 1102 1728 1142 1784; x_wconf 89' lang='lat' dir='ltr'>ut</span> <span class='ocrx_word' id='word_1_145' title='bbox 1169 1731 1230 1808; x_wconf 89' lang='lat' dir='ltr'>per</span> <span class='ocrx_word' id='word_1_146' title='bbox 1255 1712 1342 1785; x_wconf 91' lang='lat' dir='ltr'>illud</span> <span class='ocrx_word' id='word_1_147' title='bbox 1370 1729 1506 1811; x_wconf 85' lang='lat' dir='ltr'>tempus</span> <span class='ocrx_word' id='word_1_148' title='bbox 1524 1708 1623 1787; x_wconf 86' lang='lat' dir='ltr'>fama</span> <span class='ocrx_word' id='word_1_149' title='bbox 1643 1711 1714 1792; x_wconf 88' lang='lat' dir='ltr'>fuit</span> 
     </span>
     <span class='ocr_line' id='line_1_15' title="bbox 193 1806 1715 1911; baseline -0.004 -16"><span class='ocrx_word' id='word_1_150' title='bbox 193 1818 337 1908; x_wconf 80' lang='lat' dir='ltr'>Romae,</span> <span class='ocrx_word' id='word_1_151' title='bbox 363 1814 407 1888; x_wconf 91' lang='lat' dir='ltr'>de</span> <span class='ocrx_word' id='word_1_152' title='bbox 455 1839 501 1888; x_wconf 88' lang='lat' dir='ltr'>ua</span> <span class='ocrx_word' id='word_1_153' title='bbox 529 1810 673 1888; x_wconf 87' lang='lat' dir='ltr'>testatus</span> <span class='ocrx_word' id='word_1_154' title='bbox 697 1808 746 1885; x_wconf 89' lang='lat' dir='ltr'>est</span> <span class='ocrx_word' id='word_1_155' title='bbox 770 1806 975 1906; x_wconf 76' lang='lat' dir='ltr'>Praepofitus</span> <span class='ocrx_word' id='word_1_156' title='bbox 999 1809 1206 1904; x_wconf 79' lang='lat' dir='ltr'>Generalis,</span> <span class='ocrx_word' id='word_1_157' title='bbox 1240 1813 1300 1911; x_wconf 91' lang='lat' dir='ltr'>qui</span> <span class='ocrx_word' id='word_1_158' title='bbox 1328 1833 1411 1887; x_wconf 77' lang='lat' dir='ltr'>tunc</span> <span class='ocrx_word' id='word_1_159' title='bbox 1448 1832 1525 1888; x_wconf 91' lang='lat' dir='ltr'>erat</span> <span class='ocrx_word' id='word_1_160' title='bbox 1556 1812 1715 1890; x_wconf 86' lang='lat' dir='ltr'>Societa·</span> 
     </span>
     <span class='ocr_line' id='line_1_16' title="bbox 193 1840 1715 2014; baseline -0.003 -20"><span class='ocrx_word' id='word_1_161' title='bbox 193 1912 233 1994; x_wconf 74' lang='lat' dir='ltr'>its</span> <span class='ocrx_word' id='word_1_162' title='bbox 254 1915 336 2014; x_wconf 85' lang='lat' dir='ltr'>Jesu</span> <span class='ocrx_word' id='word_1_163' title='bbox 363 1916 408 1990; x_wconf 95' lang='lat' dir='ltr'>ad</span> <span class='ocrx_word' id='word_1_164' title='bbox 432 1840 657 1990; x_wconf 52' lang='lat' dir='ltr'>brovinciam</span> <span class='ocrx_word' id='word_1_165' title='bbox 682 1910 840 1985; x_wconf 81' lang='lat' dir='ltr'>Poloniae</span> <span class='ocrx_word' id='word_1_166' title='bbox 870 1934 928 1985; x_wconf 85' lang='grc' dir='ltr'>ιι.</span> <span class='ocrx_word' id='word_1_167' title='bbox 955 1909 1054 1987; x_wconf 89' lang='lat' dir='ltr'>Febr.</span> <span class='ocrx_word' id='word_1_168' title='bbox 1084 1917 1194 2011; x_wconf 82' lang='lat'>1634.</span> <span class='ocrx_word' id='word_1_169' title='bbox 1222 1913 1316 2002; x_wconf 86' lang='lat' dir='ltr'>(b).</span> <span class='ocrx_word' id='word_1_170' title='bbox 1342 1913 1391 1988; x_wconf 87' lang='lat' dir='ltr'>Et</span> <span class='ocrx_word' id='word_1_171' title='bbox 1414 1913 1516 2003; x_wconf 88' lang='lat' dir='ltr'>hujus</span> <span class='ocrx_word' id='word_1_172' title='bbox 1535 1914 1715 1992; x_wconf 87' lang='lat' dir='ltr'>sententiae</span> 
     </span>
     <span class='ocr_line' id='line_1_17' title="bbox 194 2012 1713 2117; baseline -0.001 -22"><span class='ocrx_word' id='word_1_173' title='bbox 194 2016 264 2095; x_wconf 83' lang='lat' dir='ltr'>l&#39;unt</span> <span class='ocrx_word' id='word_1_174' title='bbox 291 2023 405 2117; x_wconf 90' lang='lat' dir='ltr'>plures</span> <span class='ocrx_word' id='word_1_175' title='bbox 431 2041 518 2116; x_wconf 85' lang='lat' dir='ltr'>quos</span> <span class='ocrx_word' id='word_1_176' title='bbox 544 2018 633 2091; x_wconf 85' lang='lat' dir='ltr'>citat</span> <span class='ocrx_word' id='word_1_177' title='bbox 659 2013 860 2089; x_wconf 80' lang='lat' dir='ltr'>Avendafio</span> <span class='ocrx_word' id='word_1_178' title='bbox 884 2017 973 2103; x_wconf 90' lang='lat' dir='ltr'>(c):</span> <span class='ocrx_word' id='word_1_179' title='bbox 1013 2012 1074 2088; x_wconf 89' lang='lat' dir='ltr'>Dc</span> <span class='ocrx_word' id='word_1_180' title='bbox 1099 2034 1229 2090; x_wconf 80' lang='lat' dir='ltr'>caetero</span> <span class='ocrx_word' id='word_1_181' title='bbox 1254 2014 1493 2093; x_wconf 81' lang='lat' dir='ltr'>conceffiones</span> <span class='ocrx_word' id='word_1_182' title='bbox 1530 2018 1618 2093; x_wconf 81' lang='lat' dir='ltr'>vivae</span> <span class='ocrx_word' id='word_1_183' title='bbox 1650 2043 1713 2094; x_wconf 91' lang='lat' dir='ltr'>vo·</span> 
     </span>
     <span class='ocr_line' id='line_1_18' title="bbox 194 2112 1715 2218; baseline -0.002 -22"><span class='ocrx_word' id='word_1_184' title='bbox 194 2124 233 2196; x_wconf 81' lang='lat' dir='ltr'>tis</span> <span class='ocrx_word' id='word_1_185' title='bbox 264 2123 414 2194; x_wconf 89' lang='lat' dir='ltr'>oraculo</span> <span class='ocrx_word' id='word_1_186' title='bbox 451 2115 560 2196; x_wconf 73' lang='lat' dir='ltr'>fauts</span> <span class='ocrx_word' id='word_1_187' title='bbox 593 2112 780 2192; x_wconf 78' lang='lat' dir='ltr'>concidisse</span> <span class='ocrx_word' id='word_1_188' title='bbox 817 2139 878 2214; x_wconf 89' lang='lat' dir='ltr'>per</span> <span class='ocrx_word' id='word_1_189' title='bbox 915 2112 1051 2193; x_wconf 81' lang='lat' dir='ltr'>Urbani</span> <span class='ocrx_word' id='word_1_190' title='bbox 1077 2114 1184 2190; x_wconf 88' lang='lat' dir='ltr'><strong>VIII.</strong></span> <span class='ocrx_word' id='word_1_191' title='bbox 1200 2119 1513 2211; x_wconf 78' lang='lat' dir='ltr'>revocationem,</span> <span class='ocrx_word' id='word_1_192' title='bbox 1550 2142 1614 2192; x_wconf 93' lang='lat' dir='ltr'>nec</span> <span class='ocrx_word' id='word_1_193' title='bbox 1652 2126 1715 2218; x_wconf 83' lang='lat' dir='ltr'>per</span> 
     </span>
     <span class='ocr_line' id='line_1_19' title="bbox 197 2213 1714 2320; baseline -0.001 -23"><span class='ocrx_word' id='word_1_194' title='bbox 197 2220 476 2297; x_wconf 84' lang='lat' dir='ltr'>confirmationes</span> <span class='ocrx_word' id='word_1_195' title='bbox 512 2218 689 2319; x_wconf 86' lang='lat' dir='ltr'>generales</span> <span class='ocrx_word' id='word_1_196' title='bbox 725 2213 938 2308; x_wconf 84' lang='lat' dir='ltr'>revaluilie,</span> <span class='ocrx_word' id='word_1_197' title='bbox 977 2214 1183 2314; x_wconf 77' lang='lat' dir='ltr'>inponitur</span> <span class='ocrx_word' id='word_1_198' title='bbox 1217 2219 1255 2290; x_wconf 94' lang='lat' dir='ltr'>in</span> <span class='ocrx_word' id='word_1_199' title='bbox 1290 2216 1497 2316; x_wconf 73' lang='lat' dir='ltr'>praefatione</span> <span class='ocrx_word' id='word_1_200' title='bbox 1535 2218 1714 2320; x_wconf 88' lang='lat' dir='ltr'>utriusque</span> 
     </span>
     <span class='ocr_line' id='line_1_20' title="bbox 196 2243 1714 2422; baseline -0.003 -22"><span class='ocrx_word' id='word_1_201' title='bbox 196 2323 400 2422; x_wconf 84' lang='lat' dir='ltr'>Oumpendii</span> <span class='ocrx_word' id='word_1_202' title='bbox 437 2319 705 2419; x_wconf 85' lang='lat' dir='ltr'>Privilegiorum</span> <span class='ocrx_word' id='word_1_203' title='bbox 737 2319 957 2409; x_wconf 89' lang='lat' dir='ltr'>Societatis,</span> <span class='ocrx_word' id='word_1_204' title='bbox 994 2243 1242 2411; x_wconf 62' lang='lat' dir='ltr'>(Iammunis,</span> <span class='ocrx_word' id='word_1_205' title='bbox 1278 2324 1314 2395; x_wconf 80' lang='lat' dir='ltr'>dr</span> <span class='ocrx_word' id='word_1_206' title='bbox 1350 2319 1499 2413; x_wconf 89' lang='lat' dir='ltr'>ludici,</span> <span class='ocrx_word' id='word_1_207' title='bbox 1532 2321 1644 2396; x_wconf 90' lang='lat' dir='ltr'>etiam</span> <span class='ocrx_word' id='word_1_208' title='bbox 1668 2323 1714 2397; x_wconf 90' lang='lat' dir='ltr'>de</span> 
     </span>
     <span class='ocr_line' id='line_1_21' title="bbox 198 2416 1713 2525; baseline -0.001 -25"><span class='ocrx_word' id='word_1_209' title='bbox 198 2426 371 2525; x_wconf 88' lang='lat' dir='ltr'>privilegiis</span> <span class='ocrx_word' id='word_1_210' title='bbox 396 2423 578 2519; x_wconf 85' lang='lat' dir='ltr'>&amp;gratiis</span> <span class='ocrx_word' id='word_1_211' title='bbox 604 2420 828 2495; x_wconf 78' lang='lat' dir='ltr'>missonarils</span> <span class='ocrx_word' id='word_1_212' title='bbox 853 2419 1042 2494; x_wconf 83' lang='lat' dir='ltr'>indiarum</span> <span class='ocrx_word' id='word_1_213' title='bbox 1067 2416 1263 2516; x_wconf 84' lang='lat' dir='ltr'>specialiter</span> <span class='ocrx_word' id='word_1_214' title='bbox 1289 2419 1475 2495; x_wconf 77' lang='lat' dir='ltr'>concessis.</span> <span class='ocrx_word' id='word_1_215' title='bbox 1503 2419 1613 2521; x_wconf 88' lang='lat' dir='ltr'>quue</span> <span class='ocrx_word' id='word_1_216' title='bbox 1638 2448 1713 2498; x_wconf 88' lang='lat' dir='ltr'>ma·</span> 
     </span>
     <span class='ocr_line' id='line_1_22' title="bbox 199 2517 1711 2625; baseline 0 -25"><span class='ocrx_word' id='word_1_217' title='bbox 199 2529 239 2625; x_wconf 86' lang='lat' dir='ltr'>gis</span> <span class='ocrx_word' id='word_1_218' title='bbox 273 2524 483 2625; x_wconf 87' lang='lat' dir='ltr'>exprimitur</span> <span class='ocrx_word' id='word_1_219' title='bbox 510 2525 548 2598; x_wconf 91' lang='lat' dir='ltr'>in</span> <span class='ocrx_word' id='word_1_220' title='bbox 587 2521 760 2621; x_wconf 82' lang='lat' dir='ltr'>postrema</span> <span class='ocrx_word' id='word_1_221' title='bbox 798 2521 966 2596; x_wconf 86' lang='lat' dir='ltr'>Editione</span> <span class='ocrx_word' id='word_1_222' title='bbox 1003 2517 1161 2596; x_wconf 89' lang='lat' dir='ltr'>Instituti</span> <span class='ocrx_word' id='word_1_223' title='bbox 1189 2521 1274 2594; x_wconf 92' lang='lat' dir='ltr'>anni</span> <span class='ocrx_word' id='word_1_224' title='bbox 1305 2543 1412 2619; x_wconf 82' lang='lat'>1757.</span> <span class='ocrx_word' id='word_1_225' title='bbox 1453 2543 1541 2599; x_wconf 91' lang='lat' dir='ltr'>tom.</span> <span class='ocrx_word' id='word_1_226' title='bbox 1574 2547 1605 2597; x_wconf 86' lang='lat'>1.</span> <span class='ocrx_word' id='word_1_227' title='bbox 1631 2549 1711 2624; x_wconf 87' lang='lat' dir='ltr'>pag.</span> 
     </span>
     <span class='ocr_line' id='line_1_23' title="bbox 201 2620 1714 2725; baseline 0.001 -23"><span class='ocrx_word' id='word_1_228' title='bbox 201 2638 273 2704; x_wconf 72' lang='grc' dir='ltr'><strong>ιιι.</strong></span> <span class='ocrx_word' id='word_1_229' title='bbox 298 2634 335 2706; x_wconf 87' lang='lat'>&amp;</span> <span class='ocrx_word' id='word_1_230' title='bbox 362 2647 449 2724; x_wconf 85' lang='lat'><em>323.</em></span> <span class='ocrx_word' id='word_1_231' title='bbox 478 2623 582 2702; x_wconf 86' lang='lat' dir='ltr'>Unde</span> <span class='ocrx_word' id='word_1_232' title='bbox 607 2623 744 2720; x_wconf 88' lang='lat' dir='ltr'>Jesuitis</span> <span class='ocrx_word' id='word_1_233' title='bbox 768 2621 895 2697; x_wconf 88' lang='lat' dir='ltr'>saltem</span> <span class='ocrx_word' id='word_1_234' title='bbox 919 2620 1031 2697; x_wconf 85' lang='lat' dir='ltr'>fixum</span> <span class='ocrx_word' id='word_1_235' title='bbox 1055 2640 1155 2716; x_wconf 87' lang='lat' dir='ltr'>erat,</span> <span class='ocrx_word' id='word_1_236' title='bbox 1181 2625 1362 2725; x_wconf 81' lang='lat' dir='ltr'>privilegia</span> <span class='ocrx_word' id='word_1_237' title='bbox 1389 2623 1508 2701; x_wconf 92' lang='lat' dir='ltr'>indica</span> <span class='ocrx_word' id='word_1_238' title='bbox 1546 2650 1621 2704; x_wconf 89' lang='lat' dir='ltr'>non</span> <span class='ocrx_word' id='word_1_239' title='bbox 1644 2624 1714 2704; x_wconf 77' lang='lat' dir='ltr'>else</span> 
     </span>
     <span class='ocr_line' id='line_1_24' title="bbox 200 2721 1690 2821; baseline -0.012 -12"><span class='ocrx_word' id='word_1_240' title='bbox 200 2752 287 2809; x_wconf 80' lang='lat' dir='ltr'>exem</span> <span class='ocrx_word' id='word_1_241' title='bbox 312 2751 349 2805; x_wconf 90' lang='lat' dir='ltr'>ta</span> <span class='ocrx_word' id='word_1_242' title='bbox 375 2732 397 2805; x_wconf 82' lang='lat' dir='ltr'>ai</span> <span class='ocrx_word' id='word_1_243' title='bbox 422 2729 649 2803; x_wconf 82' lang='lat' dir='ltr'>revocatione</span> <span class='ocrx_word' id='word_1_244' title='bbox 674 2721 809 2801; x_wconf 70' lang='lat' dir='ltr'>defedu</span> <span class='ocrx_word' id='word_1_245' title='bbox 833 2724 1073 2821; x_wconf 76' lang='lat' dir='ltr'>expressionis.</span> <span class='ocrx_word' id='word_1_246' title='bbox 1686 2763 1690 2780; x_wconf 61' lang='grc' dir='ltr'><strong>ι</strong></span> 
     </span>
     <span class='ocr_line' id='line_1_25' title="bbox 329 2825 1716 2925; baseline 0 -17"><span class='ocrx_word' id='word_1_247' title='bbox 329 2857 350 2908; x_wconf 85' lang='lat' dir='ltr'>e</span> <span class='ocrx_word' id='word_1_248' title='bbox 376 2825 627 2905; x_wconf 85' lang='lat' dir='ltr'>communibus</span> <span class='ocrx_word' id='word_1_249' title='bbox 646 2827 733 2902; x_wconf 85' lang='lat' dir='ltr'>verb</span> <span class='ocrx_word' id='word_1_250' title='bbox 763 2826 949 2925; x_wconf 87' lang='lat' dir='ltr'>privilegiis</span> <span class='ocrx_word' id='word_1_251' title='bbox 985 2827 1112 2901; x_wconf 91' lang='lat' dir='ltr'>certius</span> <span class='ocrx_word' id='word_1_252' title='bbox 1146 2826 1219 2902; x_wconf 88' lang='lat' dir='ltr'>hoc</span> <span class='ocrx_word' id='word_1_253' title='bbox 1244 2825 1327 2920; x_wconf 81' lang='lat' dir='ltr'>cst,</span> <span class='ocrx_word' id='word_1_254' title='bbox 1363 2833 1399 2909; x_wconf 72' lang='grc' dir='ltr'>ὅ(</span> <span class='ocrx_word' id='word_1_255' title='bbox 1422 2827 1588 2907; x_wconf 84' lang='lat' dir='ltr'>suadetur</span> <span class='ocrx_word' id='word_1_256' title='bbox 1623 2826 1716 2908; x_wconf 83' lang='lat' dir='ltr'>insu·</span> 
     </span>
     <span class='ocr_line' id='line_1_26' title="bbox 203 2924 1714 3031; baseline 0.001 -23"><span class='ocrx_word' id='word_1_257' title='bbox 203 2954 269 3030; x_wconf 83' lang='lat' dir='ltr'>ptr,</span> <span class='ocrx_word' id='word_1_258' title='bbox 293 2934 377 3031; x_wconf 83' lang='lat' dir='ltr'>quia</span> <span class='ocrx_word' id='word_1_259' title='bbox 406 2932 565 3028; x_wconf 92' lang='lat' dir='ltr'>alioquin</span> <span class='ocrx_word' id='word_1_260' title='bbox 591 2928 682 3004; x_wconf 86' lang='lat' dir='ltr'>nibil</span> <span class='ocrx_word' id='word_1_261' title='bbox 708 2949 770 3004; x_wconf 86' lang='lat' dir='ltr'>aut</span> <span class='ocrx_word' id='word_1_262' title='bbox 795 2925 868 3001; x_wconf 74' lang='lat' dir='ltr'>fere</span> <span class='ocrx_word' id='word_1_263' title='bbox 893 2926 1014 3025; x_wconf 77' lang='lat' dir='ltr'>egisset</span> <span class='ocrx_word' id='word_1_264' title='bbox 1039 2924 1206 3004; x_wconf 88' lang='lat' dir='ltr'>Urbanus</span> <span class='ocrx_word' id='word_1_265' title='bbox 1242 2950 1319 3004; x_wconf 87' lang='lat' dir='ltr'>tam</span> <span class='ocrx_word' id='word_1_266' title='bbox 1352 2929 1496 3029; x_wconf 90' lang='lat' dir='ltr'>operosa</span> <span class='ocrx_word' id='word_1_267' title='bbox 1532 2929 1714 3012; x_wconf 72' lang='lat' dir='ltr'>Constitu</span> 
     </span>
     <span class='ocr_line' id='line_1_27' title="bbox 167 3026 1714 3130; baseline 0.001 -22"><span class='ocrx_word' id='word_1_268' title='bbox 167 3072 168 3076; x_wconf 36' lang='lat'>¹</span> <span class='ocrx_word' id='word_1_269' title='bbox 202 3035 307 3130; x_wconf 86' lang='lat' dir='ltr'>tione,</span> <span class='ocrx_word' id='word_1_270' title='bbox 332 3036 422 3109; x_wconf 89' lang='lat' dir='ltr'>dum</span> <span class='ocrx_word' id='word_1_271' title='bbox 448 3035 571 3106; x_wconf 89' lang='lat' dir='ltr'>omnia</span> <span class='ocrx_word' id='word_1_272' title='bbox 598 3033 671 3121; x_wconf 85' lang='lat' dir='ltr'>jam</span> <span class='ocrx_word' id='word_1_273' title='bbox 696 3030 843 3105; x_wconf 85' lang='lat' dir='ltr'>oracula</span> <span class='ocrx_word' id='word_1_274' title='bbox 868 3051 969 3102; x_wconf 88' lang='lat' dir='ltr'>crant</span> <span class='ocrx_word' id='word_1_275' title='bbox 995 3026 1107 3124; x_wconf 79' lang='lat' dir='ltr'>posita</span> <span class='ocrx_word' id='word_1_276' title='bbox 1134 3055 1194 3126; x_wconf 83' lang='lat' dir='ltr'>per</span> <span class='ocrx_word' id='word_1_277' title='bbox 1220 3035 1398 3125; x_wconf 77' lang='lat' dir='ltr'>generales</span> <span class='ocrx_word' id='word_1_278' title='bbox 1425 3031 1714 3110; x_wconf 86' lang='lat' dir='ltr'>confirmationes</span> 
     </span>
     <span class='ocr_line' id='line_1_28' title="bbox 202 3129 1715 3229; baseline -0.005 -16"><span class='ocrx_word' id='word_1_279' title='bbox 202 3133 336 3214; x_wconf 85' lang='lat' dir='ltr'>bullatas</span> <span class='ocrx_word' id='word_1_280' title='bbox 361 3155 462 3210; x_wconf 84' lang='lat' dir='ltr'>extra</span> <span class='ocrx_word' id='word_1_281' title='bbox 490 3133 723 3209; x_wconf 87' lang='lat' dir='ltr'>revocationis</span> <span class='ocrx_word' id='word_1_282' title='bbox 750 3131 886 3204; x_wconf 87' lang='lat' dir='ltr'>aleam.</span> <span class='ocrx_word' id='word_1_283' title='bbox 913 3129 1013 3203; x_wconf 89' lang='lat' dir='ltr'>Tum</span> <span class='ocrx_word' id='word_1_284' title='bbox 1038 3131 1149 3203; x_wconf 84' lang='lat' dir='ltr'>etiam</span> <span class='ocrx_word' id='word_1_285' title='bbox 1173 3132 1256 3227; x_wconf 91' lang='lat' dir='ltr'>quia</span> <span class='ocrx_word' id='word_1_286' title='bbox 1281 3133 1406 3223; x_wconf 90' lang='lat' dir='ltr'>ratio,</span> <span class='ocrx_word' id='word_1_287' title='bbox 1444 3159 1520 3229; x_wconf 77' lang='lat' dir='ltr'>que</span> <span class='ocrx_word' id='word_1_288' title='bbox 1546 3138 1591 3211; x_wconf 86' lang='lat' dir='ltr'>ad</span> <span class='ocrx_word' id='word_1_289' title='bbox 1616 3160 1715 3210; x_wconf 60' lang='lat' dir='ltr'>revoa</span> 
     </span>
     <span class='ocr_line' id='line_1_29' title="bbox 203 3231 1721 3332; baseline -0.001 -21"><span class='ocrx_word' id='word_1_290' title='bbox 203 3243 341 3315; x_wconf 87' lang='lat' dir='ltr'>candum</span> <span class='ocrx_word' id='word_1_291' title='bbox 367 3238 480 3312; x_wconf 88' lang='lat' dir='ltr'>movit</span> <span class='ocrx_word' id='word_1_292' title='bbox 506 3233 638 3309; x_wconf 88' lang='lat' dir='ltr'>scilicet</span> <span class='ocrx_word' id='word_1_293' title='bbox 677 3236 784 3309; x_wconf 88' lang='lat' dir='ltr'>timor</span> <span class='ocrx_word' id='word_1_294' title='bbox 818 3256 855 3302; x_wconf 87' lang='lat' dir='ltr'>ne</span> <span class='ocrx_word' id='word_1_295' title='bbox 881 3231 1074 3322; x_wconf 84' lang='lat' dir='ltr'>concefflones</span> <span class='ocrx_word' id='word_1_296' title='bbox 1110 3231 1292 3327; x_wconf 78' lang='lat' dir='ltr'>&amp;gratia</span> <span class='ocrx_word' id='word_1_297' title='bbox 1318 3232 1362 3306; x_wconf 92' lang='lat' dir='ltr'>ab</span> <span class='ocrx_word' id='word_1_298' title='bbox 1399 3235 1463 3326; x_wconf 89' lang='lat' dir='ltr'>iis,</span> <span class='ocrx_word' id='word_1_299' title='bbox 1489 3236 1527 3307; x_wconf 93' lang='lat' dir='ltr'>in</span> <span class='ocrx_word' id='word_1_300' title='bbox 1563 3260 1721 3332; x_wconf 89' lang='lat' dir='ltr'>quorum·</span> 
     </span>
     <span class='ocr_line' id='line_1_30' title="bbox 200 3332 1715 3429; baseline 0.001 -17"><span class='ocrx_word' id='word_1_301' title='bbox 200 3335 345 3418; x_wconf 81' lang='lat' dir='ltr'>favorem</span> <span class='ocrx_word' id='word_1_302' title='bbox 371 3357 606 3428; x_wconf 89' lang='lat' dir='ltr'>emanarunt,</span> <span class='ocrx_word' id='word_1_303' title='bbox 642 3337 756 3409; x_wconf 86' lang='lat' dir='ltr'>minus</span> <span class='ocrx_word' id='word_1_304' title='bbox 782 3332 955 3407; x_wconf 89' lang='lat' dir='ltr'>canonica</span> <span class='ocrx_word' id='word_1_305' title='bbox 992 3333 1555 3429; x_wconf 79' lang='lat' dir='ltr'>interpretationeextenderentur</span> <span class='ocrx_word' id='word_1_306' title='bbox 1579 3391 1591 3427; x_wconf 93' lang='lat'>,</span> <span class='ocrx_word' id='word_1_307' title='bbox 1619 3355 1715 3414; x_wconf 88' lang='lat' dir='ltr'>tenet</span> 
     </span>
     <span class='ocr_line' id='line_1_31' title="bbox 199 3431 1716 3542; baseline -0.001 -23"><span class='ocrx_word' id='word_1_308' title='bbox 199 3443 279 3542; x_wconf 73' lang='lat' dir='ltr'>aque</span> <span class='ocrx_word' id='word_1_309' title='bbox 305 3445 394 3518; x_wconf 92' lang='lat' dir='ltr'>dum</span> <span class='ocrx_word' id='word_1_310' title='bbox 419 3437 646 3515; x_wconf 83' lang='lat' dir='ltr'>confeffionis</span> <span class='ocrx_word' id='word_1_311' title='bbox 674 3439 710 3512; x_wconf 92' lang='lat' dir='ltr'>in</span> <span class='ocrx_word' id='word_1_312' title='bbox 747 3431 895 3511; x_wconf 82' lang='lat' dir='ltr'>confuso</span> <span class='ocrx_word' id='word_1_313' title='bbox 932 3457 992 3532; x_wconf 92' lang='lat' dir='ltr'>per</span> <span class='ocrx_word' id='word_1_314' title='bbox 1017 3433 1151 3508; x_wconf 90' lang='lat' dir='ltr'>bullam</span> <span class='ocrx_word' id='word_1_315' title='bbox 1175 3431 1395 3512; x_wconf 75' lang='lat' dir='ltr'>confirmata</span> <span class='ocrx_word' id='word_1_316' title='bbox 1433 3437 1575 3512; x_wconf 86' lang='lat' dir='ltr'>termini</span> <span class='ocrx_word' id='word_1_317' title='bbox 1601 3440 1716 3536; x_wconf 84' lang='lat' dir='ltr'>ignoti</span> 
     </span>
     <span class='ocr_line' id='line_1_32' title="bbox 199 3533 1716 3640; baseline 0.002 -24"><span class='ocrx_word' id='word_1_318' title='bbox 199 3541 290 3639; x_wconf 85' lang='lat' dir='ltr'>ltmt,</span> <span class='ocrx_word' id='word_1_319' title='bbox 330 3544 386 3620; x_wconf 89' lang='lat' dir='ltr'>vel</span> <span class='ocrx_word' id='word_1_320' title='bbox 412 3543 489 3617; x_wconf 90' lang='lat' dir='ltr'>noti</span> <span class='ocrx_word' id='word_1_321' title='bbox 527 3540 671 3640; x_wconf 89' lang='lat' dir='ltr'>quidem</span> <span class='ocrx_word' id='word_1_322' title='bbox 697 3561 756 3638; x_wconf 85' lang='lat' dir='ltr'>per</span> <span class='ocrx_word' id='word_1_323' title='bbox 793 3533 975 3612; x_wconf 83' lang='lat' dir='ltr'>Ordinum</span> <span class='ocrx_word' id='word_1_324' title='bbox 1010 3535 1326 3636; x_wconf 87' lang='lat' dir='ltr'>chartophylacia,</span> <span class='ocrx_word' id='word_1_325' title='bbox 1360 3542 1478 3617; x_wconf 86' lang='lat' dir='ltr'>minus</span> <span class='ocrx_word' id='word_1_326' title='bbox 1504 3562 1627 3618; x_wconf 86' lang='lat' dir='ltr'>tamen</span> <span class='ocrx_word' id='word_1_327' title='bbox 1653 3566 1716 3619; x_wconf 89' lang='lat' dir='ltr'>au·</span> 
     </span>
     <span class='ocr_line' id='line_1_33' title="bbox 199 3644 1386 3726; baseline -0.006 0"><span class='ocrx_word' id='word_1_328' title='bbox 199 3644 347 3726; x_wconf 79' lang='lat' dir='ltr'>theutica</span> <span class='ocrx_word' id='word_1_329' title='bbox 373 3645 545 3721; x_wconf 87' lang='lat' dir='ltr'>notione.</span> <span class='ocrx_word' id='word_1_330' title='bbox 688 3669 690 3674; x_wconf 91' lang='grc'><strong><em>·</em></strong></span> <span class='ocrx_word' id='word_1_331' title='bbox 735 3700 737 3705; x_wconf 82' lang='lat'><em>·</em></span> <span class='ocrx_word' id='word_1_332' title='bbox 1096 3695 1100 3700; x_wconf 94' lang='lat'><em>-</em></span> <span class='ocrx_word' id='word_1_333' title='bbox 1384 3675 1386 3681; x_wconf 63' lang='grc'>’</span> 
     </span>
     <span class='ocr_line' id='line_1_34' title="bbox 227 3741 1723 3848; baseline -0.001 -24"><span class='ocrx_word' id='word_1_334' title='bbox 227 3786 247 3810; x_wconf 87' lang='grc'>·-</span> <span class='ocrx_word' id='word_1_335' title='bbox 284 3749 411 3848; x_wconf 87' lang='lat' dir='ltr'>Neque</span> <span class='ocrx_word' id='word_1_336' title='bbox 436 3748 556 3822; x_wconf 87' lang='lat' dir='ltr'>valent</span> <span class='ocrx_word' id='word_1_337' title='bbox 582 3743 715 3835; x_wconf 76' lang='lat' dir='ltr'>objecta</span> <span class='ocrx_word' id='word_1_338' title='bbox 728 3797 743 3817; x_wconf 83' lang='lat'>.-</span> <span class='ocrx_word' id='word_1_339' title='bbox 763 3741 849 3817; x_wconf 89' lang='lat' dir='ltr'>Non</span> <span class='ocrx_word' id='word_1_340' title='bbox 874 3743 1027 3840; x_wconf 88' lang='lat' dir='ltr'>primum</span> <span class='ocrx_word' id='word_1_341' title='bbox 1052 3773 1063 3836; x_wconf 83' lang='lat'>3</span> <span class='ocrx_word' id='word_1_342' title='bbox 1098 3746 1180 3843; x_wconf 90' lang='lat' dir='ltr'>quia</span> <span class='ocrx_word' id='word_1_343' title='bbox 1206 3741 1372 3820; x_wconf 86' lang='lat' dir='ltr'>Pontifex</span> <span class='ocrx_word' id='word_1_344' title='bbox 1398 3769 1473 3820; x_wconf 90' lang='lat' dir='ltr'>non</span> <span class='ocrx_word' id='word_1_345' title='bbox 1506 3746 1629 3822; x_wconf 89' lang='lat' dir='ltr'>indicit</span> <span class='ocrx_word' id='word_1_346' title='bbox 1654 3773 1723 3846; x_wconf 90' lang='lat' dir='ltr'>pu·-</span> 
     </span>
    </p>
   </div>
   <div class='ocr_carea' id='block_1_3' title="bbox 194 3843 1717 4020">
    <p class='ocr_par' dir='ltr' id='par_1_3' title="bbox 194 3843 1717 4020">
     <span class='ocr_line' id='line_1_35' title="bbox 194 3843 1717 4020; baseline -0.001 -95"><span class='ocrx_word' id='word_1_347' title='bbox 194 3843 414 3929; x_wconf 76' lang='lat' dir='ltr'>blimtionetn</span> <span class='ocrx_word' id='word_1_348' title='bbox 438 3846 674 3923; x_wconf 84' lang='lat' dir='ltr'>revocationis</span> <span class='ocrx_word' id='word_1_349' title='bbox 700 3869 760 3942; x_wconf 90' lang='lat' dir='ltr'>per</span> <span class='ocrx_word' id='word_1_350' title='bbox 773 3846 984 4020; x_wconf 78' lang='lat' dir='ltr'>provincias</span> <span class='ocrx_word' id='word_1_351' title='bbox 1009 3852 1045 3923; x_wconf 75' lang='grc' dir='ltr'>δι</span> <span class='ocrx_word' id='word_1_352' title='bbox 1069 3865 1295 3938; x_wconf 86' lang='lat' dir='ltr'>conventus,</span> <span class='ocrx_word' id='word_1_353' title='bbox 1330 3865 1372 3921; x_wconf 92' lang='lat' dir='ltr'>ut</span> <span class='ocrx_word' id='word_1_354' title='bbox 1398 3846 1552 3943; x_wconf 88' lang='lat' dir='ltr'>obliget,</span> <span class='ocrx_word' id='word_1_355' title='bbox 1587 3850 1641 3924; x_wconf 87' lang='lat' dir='ltr'>vel</span> <span class='ocrx_word' id='word_1_356' title='bbox 1666 3847 1717 3924; x_wconf 86' lang='lat' dir='ltr'>ef·</span> 
     </span>
    </p>
   </div>
   <div class='ocr_carea' id='block_1_4' title="bbox 188 3944 1723 4844">
    <p class='ocr_par' dir='ltr' id='par_1_4' title="bbox 191 3944 1719 4257">
     <span class='ocr_line' id='line_1_36' title="bbox 194 3944 1718 4045; baseline -0.003 -14"><span class='ocrx_word' id='word_1_357' title='bbox 194 3947 316 4031; x_wconf 71' lang='lat' dir='ltr'>betur</span> <span class='ocrx_word' id='word_1_358' title='bbox 340 3952 471 4027; x_wconf 86' lang='lat' dir='ltr'>habeat</span> <span class='ocrx_word' id='word_1_359' title='bbox 497 3947 739 4040; x_wconf 86' lang='lat' dir='ltr'>constitutio,</span> <span class='ocrx_word' id='word_1_360' title='bbox 791 3946 834 4020; x_wconf 92' lang='lat' dir='ltr'>ed</span> <span class='ocrx_word' id='word_1_361' title='bbox 859 3966 898 4022; x_wconf 94' lang='lat' dir='ltr'>ut</span> <span class='ocrx_word' id='word_1_362' title='bbox 937 3946 1110 4044; x_wconf 81' lang='lat' dir='ltr'>obligatio</span> <span class='ocrx_word' id='word_1_363' title='bbox 1145 3948 1336 4045; x_wconf 81' lang='lat' dir='ltr'>quantocius</span> <span class='ocrx_word' id='word_1_364' title='bbox 1370 3944 1569 4040; x_wconf 82' lang='lat' dir='ltr'>innotescat.</span> <span class='ocrx_word' id='word_1_365' title='bbox 1605 3949 1718 4027; x_wconf 81' lang='lat' dir='ltr'>Addit</span> 
     </span>
     <span class='ocr_line' id='line_1_37' title="bbox 191 4045 1719 4152; baseline -0.003 -21"><span class='ocrx_word' id='word_1_366' title='bbox 191 4048 365 4146; x_wconf 81' lang='lat' dir='ltr'>Lacroix,</span> <span class='ocrx_word' id='word_1_367' title='bbox 390 4054 464 4144; x_wconf 86' lang='lat' dir='ltr'>jam</span> <span class='ocrx_word' id='word_1_368' title='bbox 488 4076 632 4152; x_wconf 89' lang='lat' dir='ltr'>quoquo</span> <span class='ocrx_word' id='word_1_369' title='bbox 656 4047 769 4126; x_wconf 90' lang='lat' dir='ltr'>modo</span> <span class='ocrx_word' id='word_1_370' title='bbox 792 4045 859 4124; x_wconf 83' lang='lat' dir='ltr'>eisc</span> <span class='ocrx_word' id='word_1_371' title='bbox 885 4047 1021 4146; x_wconf 71' lang='lat' dir='ltr'>publice</span> <span class='ocrx_word' id='word_1_372' title='bbox 1045 4070 1172 4127; x_wconf 89' lang='lat' dir='ltr'>noram</span> <span class='ocrx_word' id='word_1_373' title='bbox 1208 4050 1475 4128; x_wconf 80' lang='lat' dir='ltr'>revocationem</span> <span class='ocrx_word' id='word_1_374' title='bbox 1495 4055 1567 4143; x_wconf 76' lang='lat' dir='ltr'>,da</span> <span class='ocrx_word' id='word_1_375' title='bbox 1600 4047 1719 4134; x_wconf 70' lang='lat' dir='ltr'>‘conlo-</span> 
     </span>
     <span class='ocr_line' id='line_1_38' title="bbox 191 4155 990 4257; baseline -0.01 -23"><span class='ocrx_word' id='word_1_376' title='bbox 191 4178 334 4257; x_wconf 70' lang='lat' dir='ltr'>menter</span> <span class='ocrx_word' id='word_1_377' title='bbox 359 4155 595 4253; x_wconf 89' lang='lat' dir='ltr'>publicatam.</span> <span class='ocrx_word' id='word_1_378' title='bbox 987 4244 990 4250; x_wconf 15' lang='grc' dir='ltr'>ι</span> 
     </span>
    </p>

    <p class='ocr_par' dir='ltr' id='par_1_5' title="bbox 188 4251 1723 4765">
     <span class='ocr_line' id='line_1_39' title="bbox 224 4251 1719 4356; baseline -0.001 -20"><span class='ocrx_word' id='word_1_379' title='bbox 224 4289 229 4296; x_wconf 77' lang='grc'>’</span> <span class='ocrx_word' id='word_1_380' title='bbox 286 4259 377 4336; x_wconf 91' lang='lat' dir='ltr'>Non</span> <span class='ocrx_word' id='word_1_381' title='bbox 401 4256 517 4333; x_wconf 89' lang='lat' dir='ltr'>obstat</span> <span class='ocrx_word' id='word_1_382' title='bbox 543 4255 768 4347; x_wconf 91' lang='lat' dir='ltr'>secundum,</span> <span class='ocrx_word' id='word_1_383' title='bbox 804 4277 891 4327; x_wconf 90' lang='lat' dir='ltr'>nam</span> <span class='ocrx_word' id='word_1_384' title='bbox 927 4251 1174 4354; x_wconf 88' lang='lat' dir='ltr'>Cappuccinos</span> <span class='ocrx_word' id='word_1_385' title='bbox 1208 4260 1344 4356; x_wconf 81' lang='lat' dir='ltr'>excepit</span> <span class='ocrx_word' id='word_1_386' title='bbox 1371 4255 1555 4352; x_wconf 84' lang='lat' dir='ltr'>Urbanus,</span> <span class='ocrx_word' id='word_1_387' title='bbox 1582 4277 1624 4336; x_wconf 91' lang='lat' dir='ltr'>ut</span> <span class='ocrx_word' id='word_1_388' title='bbox 1649 4255 1719 4356; x_wconf 85' lang='lat' dir='ltr'>ipse</span> 
     </span>
     <span class='ocr_line' id='line_1_40' title="bbox 188 4355 1723 4455; baseline -0.001 -16"><span class='ocrx_word' id='word_1_389' title='bbox 188 4357 377 4439; x_wconf 81' lang='lat' dir='ltr'>declaravit</span> <span class='ocrx_word' id='word_1_390' title='bbox 402 4384 447 4436; x_wconf 82' lang='lat' dir='ltr'>ex</span> <span class='ocrx_word' id='word_1_391' title='bbox 482 4355 607 4436; x_wconf 64' lang='lat' dir='ltr'>affeetu</span> <span class='ocrx_word' id='word_1_392' title='bbox 642 4355 784 4455; x_wconf 87' lang='lat' dir='ltr'>speciali</span> <span class='ocrx_word' id='word_1_393' title='bbox 824 4358 979 4431; x_wconf 88' lang='lat' dir='ltr'>adeum</span> <span class='ocrx_word' id='word_1_394' title='bbox 1004 4356 1214 4449; x_wconf 85' lang='lat' dir='ltr'>Ordinetn3</span> <span class='ocrx_word' id='word_1_395' title='bbox 1246 4370 1291 4435; x_wconf 82' lang='lat' dir='ltr'>&#39;at</span> <span class='ocrx_word' id='word_1_396' title='bbox 1328 4365 1609 4440; x_wconf 89' lang='lat' dir='ltr'>communicatio</span> <span class='ocrx_word' id='word_1_397' title='bbox 1642 4386 1723 4438; x_wconf 86' lang='lat' dir='ltr'>non</span> 
     </span>
     <span class='ocr_line' id='line_1_41' title="bbox 189 4458 1715 4561; baseline 0.004 -25"><span class='ocrx_word' id='word_1_398' title='bbox 189 4460 297 4540; x_wconf 79' lang='lat' dir='ltr'>intrat</span> <span class='ocrx_word' id='word_1_399' title='bbox 322 4464 362 4538; x_wconf 89' lang='lat' dir='ltr'>in</span> <span class='ocrx_word' id='word_1_400' title='bbox 388 4463 568 4561; x_wconf 77' lang='lat' dir='ltr'>prIvilegia</span> <span class='ocrx_word' id='word_1_401' title='bbox 594 4458 733 4559; x_wconf 89' lang='lat' dir='ltr'>speciali</span> <span class='ocrx_word' id='word_1_402' title='bbox 762 4459 870 4535; x_wconf 93' lang='lat' dir='ltr'>titulo</span> <span class='ocrx_word' id='word_1_403' title='bbox 895 4459 955 4533; x_wconf 92' lang='lat' dir='ltr'>uni</span> <span class='ocrx_word' id='word_1_404' title='bbox 983 4458 1113 4536; x_wconf 92' lang='lat' dir='ltr'>Ordini</span> <span class='ocrx_word' id='word_1_405' title='bbox 1140 4459 1320 4535; x_wconf 83' lang='lat' dir='ltr'>conceffa.</span> <span class='ocrx_word' id='word_1_406' title='bbox 1357 4466 1592 4552; x_wconf 79' lang='lat' dir='ltr'>Monasierium</span> <span class='ocrx_word' id='word_1_407' title='bbox 1616 4464 1715 4542; x_wconf 87' lang='lat' dir='ltr'>enim</span> 
     </span>
     <span class='ocr_line' id='line_1_42' title="bbox 190 4557 1718 4666; baseline 0.001 -30"><span class='ocrx_word' id='word_1_408' title='bbox 190 4567 239 4638; x_wconf 84' lang='lat' dir='ltr'>vel</span> <span class='ocrx_word' id='word_1_409' title='bbox 263 4566 414 4664; x_wconf 88' lang='lat' dir='ltr'>religio,</span> <span class='ocrx_word' id='word_1_410' title='bbox 449 4564 512 4639; x_wconf 87' lang='lat' dir='ltr'>cui</span> <span class='ocrx_word' id='word_1_411' title='bbox 539 4563 657 4639; x_wconf 89' lang='lat' dir='ltr'>aliena</span> <span class='ocrx_word' id='word_1_412' title='bbox 695 4563 874 4660; x_wconf 86' lang='lat' dir='ltr'>privilegia</span> <span class='ocrx_word' id='word_1_413' title='bbox 914 4557 992 4638; x_wconf 92' lang='lat' dir='ltr'>sunt</span> <span class='ocrx_word' id='word_1_414' title='bbox 1018 4563 1309 4650; x_wconf 87' lang='lat' dir='ltr'>communicata,</span> <span class='ocrx_word' id='word_1_415' title='bbox 1345 4564 1413 4637; x_wconf 83' lang='lat' dir='ltr'>illis</span> <span class='ocrx_word' id='word_1_416' title='bbox 1438 4591 1512 4640; x_wconf 92' lang='lat' dir='ltr'>non</span> <span class='ocrx_word' id='word_1_417' title='bbox 1547 4565 1718 4666; x_wconf 87' lang='lat' dir='ltr'>gaudet,</span> 
     </span>
     <span class='ocr_line' id='line_1_43' title="bbox 190 4662 1722 4765; baseline 0 -21"><span class='ocrx_word' id='word_1_418' title='bbox 190 4666 251 4743; x_wconf 83' lang='lat' dir='ltr'>nifi</span> <span class='ocrx_word' id='word_1_419' title='bbox 275 4667 408 4744; x_wconf 86' lang='lat' dir='ltr'>habeat</span> <span class='ocrx_word' id='word_1_420' title='bbox 430 4665 644 4765; x_wconf 75' lang='lat' dir='ltr'>qualitates,</span> <span class='ocrx_word' id='word_1_421' title='bbox 669 4688 753 4763; x_wconf 72' lang='lat' dir='ltr'>quae,</span> <span class='ocrx_word' id='word_1_422' title='bbox 770 4662 920 4757; x_wconf 67' lang='lat' dir='ltr'>subjecto</span> <span class='ocrx_word' id='word_1_423' title='bbox 946 4667 1216 4740; x_wconf 90' lang='lat' dir='ltr'>communicato</span> <span class='ocrx_word' id='word_1_424' title='bbox 1251 4663 1472 4760; x_wconf 68' lang='lat' dir='ltr'>inherebant,</span> <span class='ocrx_word' id='word_1_425' title='bbox 1507 4688 1548 4742; x_wconf 89' lang='lat' dir='ltr'>ut</span> <span class='ocrx_word' id='word_1_426' title='bbox 1574 4665 1623 4748; x_wconf 82' lang='lat' dir='ltr'>est</span> <span class='ocrx_word' id='word_1_427' title='bbox 1647 4666 1722 4747; x_wconf 80' lang='lat' dir='ltr'>Ro·</span> 
     </span>
    </p>

    <p class='ocr_par' dir='ltr' id='par_1_6' title="bbox 1627 4787 1672 4844">
     <span class='ocr_line' id='line_1_44' title="bbox 1627 4787 1672 4844; baseline 0.022 -1"><span class='ocrx_word' id='word_1_428' title='bbox 1627 4787 1672 4844; x_wconf 70' lang='lat' dir='ltr'>1ae</span> 
     </span>
    </p>
   </div>
   <div class='ocr_carea' id='block_1_5' title="bbox 189 4887 1725 5093">
    <p class='ocr_par' dir='ltr' id='par_1_7' title="bbox 189 4887 1725 5093">
     <span class='ocr_line' id='line_1_45' title="bbox 195 4887 1725 5019; baseline -0.001 -16"><span class='ocrx_word' id='word_1_429' title='bbox 195 4887 433 5015; x_wconf 53' lang='lat' dir='ltr'>..Hi-Jumd·</span> <span class='ocrx_word' id='word_1_430' title='bbox 451 4946 485 5003; x_wconf 86' lang='lat' dir='ltr'>P·</span> <span class='ocrx_word' id='word_1_431' title='bbox 504 4967 532 5015; x_wconf 64' lang='lat' dir='ltr'>a·</span> <span class='ocrx_word' id='word_1_432' title='bbox 548 4891 1725 5019; x_wconf 34' lang='lat' dir='ltr'>AuEUTnzm-Ussffidffifflffiffffl</span> 
     </span>
     <span class='ocr_line' id='line_1_46' title="bbox 189 5018 1390 5093; baseline -0.002 -13"><span class='ocrx_word' id='word_1_433' title='bbox 189 5018 226 5080; x_wconf 75' lang='lat' dir='ltr'>lt</span> <span class='ocrx_word' id='word_1_434' title='bbox 246 5025 432 5093; x_wconf 69' lang='lat' dir='ltr'>diontmem</span> <span class='ocrx_word' id='word_1_435' title='bbox 452 5022 503 5081; x_wconf 83' lang='lat' dir='ltr'>lib.</span> <span class='ocrx_word' id='word_1_436' title='bbox 526 5045 551 5087; x_wconf 76' lang='grc' dir='ltr'>ς.</span> <span class='ocrx_word' id='word_1_437' title='bbox 571 5039 609 5082; x_wconf 85' lang='lat' dir='ltr'>tr.</span> <span class='ocrx_word' id='word_1_438' title='bbox 634 5041 657 5074; x_wconf 88' lang='grc' dir='ltr'>ι.</span> <span class='ocrx_word' id='word_1_439' title='bbox 672 5024 699 5093; x_wconf 81' lang='lat' dir='ltr'>s.</span> <span class='ocrx_word' id='word_1_440' title='bbox 724 5041 768 5075; x_wconf 88' lang='grc' dir='ltr'>ιο.</span> <span class='ocrx_word' id='word_1_441' title='bbox 786 5041 815 5078; x_wconf 88' lang='lat' dir='ltr'>n.</span> <span class='ocrx_word' id='word_1_442' title='bbox 837 5042 883 5088; x_wconf 66' lang='grc' dir='ltr'>ιι.</span> <span class='ocrx_word' id='word_1_443' title='bbox 977 5024 1025 5082; x_wconf 82' lang='lat' dir='ltr'>tit.</span> <span class='ocrx_word' id='word_1_444' title='bbox 1048 5041 1091 5079; x_wconf 83' lang='grc' dir='ltr'>ιι.</span> <span class='ocrx_word' id='word_1_445' title='bbox 1110 5039 1139 5081; x_wconf 84' lang='lat' dir='ltr'>n.</span> <span class='ocrx_word' id='word_1_446' title='bbox 1160 5026 1243 5092; x_wconf 55' lang='lat' dir='ltr'>alp,</span> <span class='ocrx_word' id='word_1_447' title='bbox 1264 5031 1302 5084; x_wconf 64' lang='grc' dir='ltr'>εγ</span> <span class='ocrx_word' id='word_1_448' title='bbox 1324 5039 1390 5092; x_wconf 71' lang='lat'>493·</span> 
     </span>
    </p>
   </div>
   <div class='ocr_carea' id='block_1_6' title="bbox 216 5098 936 5195">
    <p class='ocr_par' dir='ltr' id='par_1_8' title="bbox 216 5098 936 5195">
     <span class='ocr_line' id='line_1_47' title="bbox 216 5098 936 5195; baseline -0.021 -24"><span class='ocrx_word' id='word_1_449' title='bbox 216 5098 283 5195; x_wconf 12' lang='lat' dir='ltr'>‘ibi</span> <span class='ocrx_word' id='word_1_450' title='bbox 303 5099 398 5169; x_wconf 66' lang='lat' dir='ltr'>AM</span> <span class='ocrx_word' id='word_1_451' title='bbox 417 5101 586 5173; x_wconf 64' lang='lat' dir='ltr'>aventini,</span> <span class='ocrx_word' id='word_1_452' title='bbox 604 5100 718 5162; x_wconf 68' lang='lat' dir='ltr'>collem</span> <span class='ocrx_word' id='word_1_453' title='bbox 738 5101 804 5160; x_wconf 76' lang='lat' dir='ltr'>Ml·</span> <span class='ocrx_word' id='word_1_454' title='bbox 829 5100 863 5159; x_wconf 83' lang='lat' dir='ltr'>V·</span> <span class='ocrx_word' id='word_1_455' title='bbox 892 5098 936 5156; x_wconf 87' lang='lat' dir='ltr'>lu·</span> 
     </span>
    </p>
   </div>
   <div class='ocr_carea' id='block_1_7' title="bbox 0 0 1940 5678">
    <p class='ocr_par' dir='ltr' id='par_1_9' title="bbox 0 0 1940 5678">
     <span class='ocr_line' id='line_1_48' title="bbox 0 0 1940 5678; baseline 0 0"><span class='ocrx_word' id='word_1_456' title='bbox 0 0 1940 5678; x_wconf 95' lang='lat' dir='ltr'> </span> 
     </span>
    </p>
   </div>
  </div>
 </body>
</html>
