3856 5678
252 283 325 383 5&
686 276 1268 393 Otutuiriouat

194 430 270 517 tiis,
298 434 332 502 ὅ(
360 447 537 496 annorum
564 418 780 516 myriadibus
809 419 1017 496 immensum
1045 413 1207 515 lucrum,
1245 421 1272 496 si
1295 424 1412 501 cordis
1447 439 1596 515 attolus,
1624 416 1724 521 preni-

194 531 330 618 tentia,
356 531 391 600 dt
418 525 528 598 animi
556 526 766 622 preparatio
790 525 885 615 iuvet
905 576 915 596 .
939 526 1171 620 Periculosae,
1197 521 1434 623 &puellarum
1451 526 1653 624 imposturas
1673 552 1724 624 ap

191 632 302 730 pellat
325 625 491 720 Gerson,
530 626 763 727 adstipulante
796 624 888 704 Soto
914 628 1008 724 apud
1033 633 1093 704 cit.
1120 629 1243 707 Gobat
1264 680 1277 722 ,
1301 630 1550 730 indrugentias.
1579 628 1724 727 quinque

190 735 293 810 mille
318 752 515 806 amorum.
541 726 614 805 Sed
639 727 829 806 modestius
853 730 951 828 loqui
977 735 1012 808 llt
1038 728 1184 809 seribere
1207 731 1331 811 decet.

295 830 421 909 Minus
444 825 573 924 libera,
600 831 708 909 libere
734 852 856 908 tamen
894 836 945 908 ait
979 832 1122 911 Natalis
1157 829 1360 915 Alexander
1395 838 1494 927 (alt
1520 836 1594 913 Nee
1629 829 1724 908 indal-

187 941 312 1040 gentle
332 930 657 1047 quantumcumque
683 932 851 1039 plenariae.
868 936 1132 1034 supponantur„
1160 934 1227 1017 illis
1240 931 1406 1041 prostitit,
1432 939 1495 1036 qui
1520 931 1724 1012 satisfaslio

192 1062 276 1116 nem
302 1063 367 1140 pro
386 1034 547 1138 'peccatis
583 1039 891 1136 proportionatam
929 1038 1041 1113 subire
1067 1045 1194 1114 nolunt
1220 1048 1256 1116 bc
1282 1040 1457 1140 implere,
1487 1043 1602 1115 talem
1637 1034 1725 1127 enim
1756 1079 1759 1082 ·

191 1145 236 1220 dc
263 1144 337 1232 iure
361 1140 483 1217 divino
508 1140 637 1241 requiri
663 1140 803 1229 tarasiae.
831 1141 928 1216 Nam
953 1145 1112 1238 quamvis
1136 1140 1312 1227 satisadlio
1337 1168 1402 1243 pro
1427 1144 1589 1241 peccatis
1624 1137 1725 1237 requi·

191 1265 293 1321 ratur
318 1245 593 1344 proportionata
615 1244 688 1332 iure
714 1245 838 1318 divino
862 1270 872 1334 ;
910 1240 969 1318 sed
995 1243 1071 1318 haec
1099 1244 1283 1342 proportio
1318 1242 1487 1344 compleri
1519 1234 1639 1343 potest
1674 1263 1725 1339 per

190 1373 299 1446 opera
328 1344 522 1445 peccatoris
547 1344 724 1437 iustificati
762 1371 822 1444 per
856 1347 1012 1440 gratiam
1037 1344 1337 1443 condignificata,
1376 1353 1413 1425 bt
1438 1371 1500 1446 per
1527 1338 1725 1422 satissaliio

192 1473 277 1526 nem
303 1472 452 1549 operum
477 1446 608 1523 Christi
635 1453 671 1526 dt
694 1446 881 1539 Ecclesia,
917 1470 1070 1546 quorum
1104 1445 1240 1525 srnliits.
1257 1472 1317 1546 pet
1343 1449 1591 1548 indulgentias
1627 1444 1724 1547 appli-

192 1572 302 1628 catut·
321 1553 439 1629 t'ninus
463 1547 611 1628 habenti
635 1552 681 1625 de
707 1549 791 1625 suo.
820 1551 878 1625 Sic
905 1551 987 1625 licet
1014 1571 1201 1647 peccatum
1234 1549 1320 1626 furti
1355 1571 1512 1651 nequeat
1552 1550 1723 1650 eripiaril

192 1657 337 1732 nolente
361 1651 563 1744 restituere;
591 1651 767 1729 restitutio
793 1654 914 1727 tam‘en
940 1648 1016 1727 fieri
1043 1651 1154 1752 potest
1190 1651 1312 1729 asure
1339 1659 1392 1731 vel
1426 1657 1471 1729 de
1499 1656 1649 1753 proprio
1679 1652 1724 1726 tel

190 1759 237 1836 de
264 1756 411 1850 alieno,
435 1758 530 1856 quod
558 1750 617 1855 ipsi
645 1777 684 1830 ut
710 1753 867 1831 restituat
892 1755 1071 1839 donaria.
1469 1817 1473 1829 .

298 1855 354 1936 Ne
382 1878 503 1936 tantus
528 1858 831 1957 indulgentiarum
857 1847 960 1939 saror
988 1855 1025 1935 in
1050 1853 1226 1935 damnum
1251 1875 1430 1951 vertatur,
1459 1855 1516 1935 vei
1547 1849 1590 1933 sir
1619 1853 1725 1933 minus

190 1960 313 2056 utilit,
337 1955 436 2038 salva
463 1956 627 2038 Ecclesia
652 1957 824 2058 potestate
862 1961 897 2041 dt
930 1959 1131 2059 largitate,
1166 1961 1373 2039 Benedir‘lus
1411 1956 1518 2039 XIV.
1556 1961 1729 2058 optimum

191 2063 332 2166 praestat
356 2062 544 2141 consilium
571 2071 606 2142 bt
631 2064 889 2139 documentum
914 2064 1063 2159 duplet.
1092 2059 1255 2138 Primum
1282 2065 1319 2137 in
1343 2061 1467 2138 const.
1498 2066 1568 2137 Pia
1593 2069 1728 2153 Mater,

195 2190 230 2266 5.
257 2167 351 2243 Nov.
381 2186 489 2264 1747.
518 2190 577 2266 per
602 2165 678 2239 haec
706 2166 832 2239 verba:
861 2170 906 2238 Ur
924 2162 1060 2258 fraliui
1087 2164 1315 2265 indulgentia
1345 2166 1598 2264 percipiatur,
1623 2187 1725 2261 popu·

195 2274 248 2346 lus
272 2266 489 2360 edoceatur,
516 2265 613 2367 quod
639 2262 795 2342 remillio
822 2289 933 2364 poenae
960 2267 1163 2366 temporalis
1188 2266 1381 2342 obtinenda
1409 2265 1485 2360 est,
1519 2290 1593 2342 non
1614 2265 1726 2361 solum

192 2394 254 2472 per
281 2370 528 2470 paenitentiam
553 2369 872 2461 sacramentalem,
900 2389 961 2445 aut
989 2396 1047 2468 per
1075 2371 1306 2448 tolerantiam
1343 2368 1639 2461 adversitatum,
1671 2365 1729 2453 sed

191 2477 304 2552 eriam
332 2500 393 2574 per
416 2473 569 2567 ieiunia,
595 2469 856 2567 eleemosynas,
883 2476 919 2549 dt
944 2471 1148 2566 orationes,
1173 2472 1209 2552 dt
1234 2469 1305 2547 alia
1331 2471 1389 2568 pia
1416 2471 1621 2567 exercitia,
1646 2473 1729 2546 alio·

192 2578 278 2680 quin
303 2580 496 2652 verendum
521 2573 591 2669 est,
618 2598 663 2650 ne
688 2573 807 2650 salutis
825 2572 980 2650 remedia
1007 2574 1043 2648 in
1070 2598 1186 2673 pravae
1208 2570 1367 2649 licentiae
1383 2567 1595 2651 fomentum
1622 2573 1728 2649 trahe-

193 2700 382 2755 rentur...
409 2672 495 2753 Non
529 2677 766 2776 cogitantibus
799 2699 908 2776 quam
933 2675 1109 2753 incertum
1144 2677 1220 2769 sit,
1247 2697 1294 2751 an
1320 2679 1613 2776 indulgentiam,
1652 2675 1735 2752 iicet.

193 2799 342 2860 externo
369 2781 441 2855 ritu
472 2777 534 2855 sibi
561 2782 801 2876 applicatam,
827 2803 908 2855 cum
935 2776 1057 2854 effestu
1084 2773 1152 2855 fint
1171 2781 1381 2879 percepturi.

295 2880 498 2957 Secundum
523 2880 780 2957 documentum
807 2881 950 2978 praebuit
975 2878 1244 2978 sapientissimus
1268 2879 1436 2956 Pontifex
1464 2880 1618 2956 romanis
1645 2901 1730 2954 con·

193 2982 458 3077 cionatotibus,
483 3004 572 3084 quoa
596 3006 667 3059 una
694 2985 943 3059 convenientes
968 2980 1112 3060 incunte
1137 2979 1406 3082 quadragesima
1435 2989 1524 3060 anni
1556 2990 1663 3078 1756.
1691 2979 1732 3057 ad

193 3086 407 3185 petendam,
433 3107 474 3162 ut
499 3087 609 3161 moris
633 3080 705 3177 etl,
734 3083 964 3180 apostolicam
989 3084 1291 3175 benedidionem,
1318 3084 1364 3159 sic
1391 3083 1511 3164 fertur
1536 3091 1728 3164 allocutus:

193 3184 359 3266 Vestrum
385 3187 488 3264 multi
515 3189 668 3263 nimium
698 3186 876 3262 inculcant
904 3212 968 3285 pro
994 3186 1167 3262 concione
1188 3185 1395 3287 potestatem
1416 3188 1582 3265 ecclesiae
1605 3192 1642 3264 in
1665 3211 1729 3285 pec·

112 3351 115 3359 .
193 3288 372 3368 tatoribus
398 3289 633 3367 absolvendis.
661 3286 830 3364 Puritatis
855 3315 1021 3381 morum,
1049 3296 1085 3366 dt
1111 3288 1249 3365 sinccrae
1275 3286 1521 3365 conversionis
1559 3289 1729 3368 necesitas

195 3391 407 3469 inculcanda
434 3393 531 3468 vobis
557 3391 630 3483 est,
655 3387 728 3466 sine
753 3415 823 3489 qtia
848 3393 960 3467 etiam
985 3391 1115 3481 jejunia
1141 3397 1176 3469 br
1201 3391 1314 3465 carnis
1341 3396 1549 3469 maceratio
1580 3396 1621 3469 in
1652 3415 1728 3469 erre·

191 3493 371 3572 rioritates
396 3488 507 3569 sruslu
535 3516 664 3568 vacuas
688 3497 920 3590 degenerant.
949 3492 1074 3568 Fidem
1101 3495 1310 3591 predicare,
1337 3495 1605 3587 penitentiam
1632 3494 1728 3571 coriis

193 3599 230 3675 bt
256 3594 313 3694 pia
339 3620 454 3694 opera.
480 3590 618 3690 Nempe
645 3593 887 3670 insalubriter
913 3596 1083 3693 ungendis
1109 3601 1144 3672 br
1170 3596 1363 3693 pungendis
1388 3619 1639 3695 pcccatorum
1671 3594 1727 3673 ani

194 3700 287 3794 mis,
311 3695 383 3774 hoc
409 3714 553 3797 oportet
578 3692 720 3790 facere,
747 3701 784 3774 bt
810 3697 896 3773 illud
919 3721 995 3772 non
1021 3698 1209 3774 omittere.

555 3894 1056 3980 ORDINATIO
1141 3898 1365 3982 DLXXXV.

740 4005 849 4081 Anno
875 4025 985 4104 1745.
1014 4025 1075 4102 30.
1094 4003 1186 4105 Aug.

258 4206 513 4304 OEiiirentibus,
539 4203 722 4303 confessis,
757 4211 794 4288 bt
817 4204 915 4286 sacia
951 4207 1206 4287 communione
1239 4206 1396 4313 tesedia,
1421 4209 1487 4314 qui
1529 4210 1735 4316 expositioni

284 4311 494 4388 Sandill'imi
519 4310 565 4387 de
590 4313 736 4390 licentia
761 4311 946 4388 Ordinarii
971 4315 1010 4389 in
1036 4311 1194 4390 Ecclesia
1219 4308 1440 4391 Bonaiirensi
1468 4316 1673 4397 Societatis
1690 4315 1734 4412 Je-

192 4414 233 4493 su
259 4419 326 4506 (t)
352 4412 458 4491 semel
486 4410 523 4490 in
547 4409 666 4492 mense
699 4411 870 4492 faciendae
907 4439 967 4515 per
993 4416 1137 4514 aliquod
1162 4417 1345 4521 btemporis
1370 4414 1534 4514 spatium
1575 4420 1735 4500 intersae-

192 4518 289 4610 rint,
315 4521 350 4597 bt
376 4517 422 4593 ibi
449 4519 629 4595 oraverint
663 4519 820 4615 plenaria
857 4516 895 4592 in
922 4541 995 4594 uno
1032 4519 1089 4594 die
1115 4517 1242 4595 mensis
1275 4546 1337 4619 per
1373 4518 1630 4604 Ordinarium
1658 4516 1733 4598 defi·

193 4626 338 4720 gnatido
364 4620 591 4697 conceditur.
618 4616 763 4697 Eisdem
788 4617 1058 4719 poenitentibus,
1084 4619 1279 4716 confessis,
1306 4629 1343 4703 ὃ(
1367 4621 1468 4701 sacta
1511 4628 1734 4705 communio

194 4746 240 4799 ne
264 4720 398 4801 refectis
422 4722 589 4822 pradilia
616 4727 694 4816 (ii)
728 4720 942 4822 expositioni
980 4726 1017 4800 in
1042 4747 1115 4801 uiro
1140 4726 1198 4800 die
1235 4728 1388 4804 aliorum
1426 4730 1612 4808 undecim
1648 4752 1734 4808 nien

1604 4831 1697 4912 sium

193 4949 1736 5001 *ww

237 5057 295 5132 (Ι)
314 5061 353 5125 tt.
371 5063 463 5131 alex.
482 5065 515 5132 i'it
533 5064 606 5140 sitit·
623 5064 663 5132 N·
682 5060 725 5129 T.
738 5064 800 5143 sac·
820 5083 849 5141 3·
867 5069 906 5134 D·
930 5082 957 5128 a.
977 5069 1060 5142 erip.
1082 5087 1108 5127 a·
1124 5072 1189 5144 ‚lt
1207 5068 1249 5133 i'bi
1266 5070 1356 5138 Srbel·
1380 5090 1406 5132 t.
