3856 5678
264 292 341 391 482
698 287 1277 385 Ortutuarrouns

213 437 385 540 quaginta
408 432 540 532 septem
565 431 685 506 minus
710 427 815 504 tertia
840 449 940 527 parte
965 429 1077 507 unius
1094 428 1289 530 ponderare
1313 450 1426 508 unam
1463 430 1667 509 marchiam
1702 424 1747 505 ad

216 542 360 641 pensum
385 528 739 613 Montis-Pellitlani.
1288 568 1292 573 ·

318 642 375 715 lll.
413 637 658 714 Covarrubias·
685 639 761 723 (a)
797 637 953 711 rationes
989 634 1055 709 init
1079 636 1318 730 enucleatius,
1355 634 1442 710 dum
1469 637 1542 712 ait:
1578 632 1632 710 Hi
1655 634 1749 709 nutui

213 743 308 819 sarie
335 744 379 819 ah
404 740 649 840 interpretibus
671 736 907 813 ullimantur.
933 738 1004 813 Sed
1031 738 1068 813 in
1093 740 1245 815 Extrav.
1277 738 1754 835 1.DrCetfib.interCom·‚

212 873 302 919 maan.
331 854 360 937 p.
388 854 500 920 Porro.
529 844 578 916 ira
603 842 885 932 examinantur,
923 864 961 915 ut
989 841 1179 914 duodecim
1206 840 1361 937 argentei
1390 838 1597 915 turonenses
1633 858 1746 913 unum

213 948 368 1022 efficiant
402 946 577 1023 florenum
615 942 843 1016 florentinum
882 965 1047 1015 aureum.
1085 941 1156 1014 Hic
1192 962 1311 1015 tamen
1344 940 1498 1016 florenus
1533 940 1745 1015 florentinus

214 1075 337 1124 aureus
362 1050 475 1139 maior
501 1046 639 1120 videtur
665 1042 803 1118 floreno
830 1044 1002 1142 aragonio
1026 1043 1150 1119 octava
1176 1066 1219 1120 ex
1245 1062 1344 1143 parte
1369 1068 1414 1117 ex
1440 1045 1610 1139 lege'62.
1648 1039 1744 1115 Hen-

212 1151 276 1224 rici
304 1149 354 1224 ΙΙ.
382 1151 496 1226 Tauri
522 1146 651 1221 statuta
678 1170 764 1234 cera,
788 1165 896 1241 1407.
935 1147 984 1219 At
1019 1142 1174 1222 florenus
1211 1146 1398 1244 aragonius
1434 1145 1517 1218 odio
1544 1144 1646 1218 valet
1677 1140 1745 1219 fere

211 1276 342 1327 numos
366 1272 549 1349 argenteos
574 1246 780 1321 castellanos
805 1248 958 1345 regales.
986 1236 1040 1321 Ex
1051 1272 1145 1345 quo,
1171 1252 1207 1325 bt
1231 1271 1275 1322 ex
1300 1249 1342 1323 iis
1366 1268 1443 1346 quae
1470 1245 1652 1320 tradidere
1662 1232 1745 1321 Bar·

213 1356 305 1428 tolus
332 1354 428 1446 (b),
455 1358 493 1429 br
518 1352 679 1425 Alciatus
705 1354 799 1439 (c),
825 1351 954 1445 poterit
980 1346 1134 1425 librenns
1158 1348 1365 1425 florentinus
1404 1368 1534 1423 novem
1572 1348 1745 1448 argenteis

212 1457 330 1531 numis
354 1452 553 1529 castellanis
577 1450 748 1550 regalibus
764 1450 954 1539 estimari.
981 1452 1041 1528 Sic
1067 1449 1150 1526 sane
1177 1472 1362 1551 argenteus
1389 1448 1617 1542 turonensis,
1653 1450 1744 1541 enirn

210 1554 414 1632 mentiost
441 1557 477 1630 iu
502 1554 618 1630 Clem.
648 1576 707 1645 2.,
732 1552 799 1626 erit
824 1553 944 1626 minor
969 1549 1042 1628 sere
1067 1574 1193 1652 quarta
1220 1576 1319 1651 parre
1346 1568 1516 1651 argenteo
1542 1553 1663 1653 regali
1685 1576 1737 1629 ca·

210 1656 384 1743 stellano,
409 1659 474 1757 qui
494 1656 706 1731 drachmam
733 1654 888 1752 argentei
917 1656 1113 1753 appendit.
1152 1652 1236 1749 Qua
1261 1656 1401 1731 tatione
1427 1655 1602 1729 undecim
1638 1650 1744 1730 serrnb

211 1762 368 1855 argentei
396 1756 598 1835 turonenses
622 1754 780 1830 efficiunt
805 1780 916 1831 unam
943 1759 1098 1855 argentei
1137 1760 1308 1832 unciamt
1336 1764 1372 1834 bt
1399 1759 1480 1830 ideo
1513 1758 1668 1857 quilibet
1692 1776 1742 1832 tu·

212 1860 369 1938 nonensis
389 1881 574 1960 argenteus
598 1857 825 1933 estimabitur
841 1858 966 1953 viginti
991 1861 1144 1957 quinque
1155 1860 1250 1934 aereis
1261 1857 1385 1934 nostris
1403 1859 1663 1958 marapetinis.
1689 1844 1742 1933 ld·

211 1964 307 2037 cir'co
331 1962 608 2039 Panormitanus
633 1963 671 2034 in
696 1961 789 2033 dieta
823 1958 939 2034 Clem.
968 1982 1003 2036 2.
1039 1961 1106 2034 tria
1132 1961 1248 2034 millia
1286 1956 1533 2036 turonensium
1560 1974 1747 2060 argenteo·

210 2076 313 2156 rum,
339 2067 530 2162 dequibus
556 2064 630 2136 illic
658 2063 826 2151 traditur,
855 2064 899 2135 ad
924 2060 1116 2137 biscentum
1154 2068 1190 2139 bt
1222 2064 1481 2161 quinquaginta
1520 2058 1679 2138 florenos
1701 2064 1746 2139 de

210 2189 355 2240 camera
378 2166 545 2253 deducit,
570 2162 773 2237 existimans
797 2160 889 2235 hanc
915 2160 981 2235 elle
1007 2189 1128 2238 veram
1156 2165 1302 2239 illorum
1325 2162 1613 2241 animationem.
1639 2160 1741 2259 Qua-¹

209 2286 352 2364 propter
378 2270 474 2357 juxta
502 2267 602 2338 illam
629 2264 918 2339 constitutionem
953 2288 1061 2338 nemo
1096 2266 1227 2363 poterit
1254 2266 1291 2338 in
1316 2266 1495 2341 doctorali
1525 2269 1637 2363 gradu
1668 2265 1741 2339 adi·

209 2366 374 2464 piscendo
398 2368 591 2465 expendere
616 2371 709 2440 ultra
735 2363 929 2439 biscentum
956 2364 1128 2465 simplices
1154 2391 1278 2443 aureos
1302 2374 1338 2446 bt
1364 2368 1520 2445 ducatos
1544 2364 1737 2460 canem,

207 2486 359 2567 quorum
384 2471 531 2568 quilibet
555 2469 722 2542 undecim
748 2467 865 2540 numis
891 2468 1061 2564 regalibus
1088 2473 1262 2566 argenteis
1287 2470 1490 2556 estimatur.

262 2579 356 2660 (tv)
382 2570 652 2645 Praelendarum.
678 2569 806 2643 Sermo
831 2567 881 2641 est
906 2571 950 2643 de
975 2566 1161 2662 tenuibus,
1187 2598 1262 2647 non
1287 2574 1332 2647 de
1351 2568 1683 2664 distributionibus,
1704 2580 1741 2647 us

207 2684 312 2746 notat
338 2670 590 2768 Castropalaus
616 2669 688 2758 (d)
725 2670 877 2743 dicens:
911 2670 1001 2745 Dixi
1027 2672 1063 2746 in
1088 2674 1260 2772 principio
1286 2672 1334 2748 stc
1369 2674 1541 2751 docentes
1566 2680 1592 2767 (Ι
1610 2669 1741 2771 publice

209 2771 452 2868 theologiam,
480 2776 534 2846 rel
559 2774 612 2865 jus
636 2772 849 2845 canonicum
876 2770 913 2846 in
949 2773 1069 2873 aliquo
1101 2772 1232 2850 Studio
1255 2774 1467 2867 Generali)
1501 2780 1541 2851 dt
1562 2774 1740 2867 studentes

204 2870 371 2969 consequi
396 2872 528 2947 fruetus
551 2872 761 2972 prebendae,
788 2897 862 2947 non
887 2873 1176 2969 distributiones3
1210 2879 1291 2978 quia
1321 2879 1372 2952 ita
1397 2876 1543 2953 hebetur
1579 2884 1651 2973 cap.
1682 2876 1742 2949 ΒΕ·

202 2970 275 3064 eit,
301 2982 353 3045 De
377 2976 560 3065 ararent,
587 2978 622 3050 bt
649 2976 684 3047 in
709 2972 918 3072 Eugeniana
946 3002 1008 3075 pro
1034 2974 1271 3056 Universrtate
1295 2979 1521 3056 Salmantina
1556 2975 1745 3053 concessae

204 3077 242 3150 bt
269 3075 422 3173 pluribus
446 3074 740 3151 declarationibus
765 3074 955 3153 confirmat
981 3080 1114 3154 Garcia
1139 3086 1175 3158 dt
1201 3084 1284 3156 alii.
1320 3080 1451 3156 Solum
1480 3078 1534 3157 0¹st
1556 3080 1741 3171 dubium,

202 3200 250 3250 an
272 3174 302 3250 'sr
329 3176 537 3253 beneficium
563 3175 697 3252 constet
724 3198 866 3255 rantum
890 3178 1189 3257 distributionibus
1213 3183 1461 3281 quotidianis,
1484 3188 1551 3257 eas
1589 3183 1738 3257 lucrentt

205 3278 328 3352 absens
354 3281 494 3355 ratione
516 3279 649 3355 studii?
678 3280 794 3379 Aliqui
822 3304 953 3379 negant
988 3308 1069 3357 cum
1095 3280 1304 3361 Bonacina.
1340 3284 1457 3387 Ratio
1483 3268 1556 3359 e'ss‘e
1593 3280 1733 3385 potest,

201 3381 284 3476 quia
311 3378 426 3456 solum
451 3380 501 3455 cll
535 3380 626 3456 saeta
652 3380 826 3455 coneetsro
861 3382 1037 3460 fruetuum
1077 3388 1267 3485 praebendae
1302 3388 1456 3485 demptis
1491 3384 1740 3463 distributioni-¹

200 3479 286 3553 bus.
313 3478 411 3579 Ergo
438 3482 463 3553 sr
492 3483 683 3575 praebenda
707 3484 823 3555 nullos
847 3484 1003 3561 habeant
1028 3485 1179 3581 sntctus,
1205 3489 1304 3565 nuta
1330 3490 1382 3565 est
1406 3486 1612 3583 concessio.
1637 3484 1736 3583 utut

200 3580 358 3654 lominus
384 3581 578 3655 tenendum
603 3579 653 3654 est
678 3584 808 3656 lucrari
846 3609 970 3660 omnes
1002 3584 1260 3665 distributiones
1286 3592 1431 3689 dempta
1458 3592 1573 3667 tertia
1606 3606 1738 3687 parte;

204 3699 281 3756 tum
306 3681 389 3779 quia
417 3682 486 3756 illae
512 3681 771 3758 distributiones
797 3685 879 3760 loco
903 3683 1079 3765 frudiuunt
1115 3688 1339 3782 succedunt;
1376 3713 1456 3767 tum
1481 3694 1573 3793 quii
1624 3688 1740 3766 risile·

201 3783 302 3877 gium
327 3779 411 3856 esset
437 3783 562 3857 inutile
589 3784 630 3856 iis
654 3783 892 3877 beneficiatis;
920 3810 998 3865 turn
1022 3792 1107 3888 quia
1135 3792 1182 3867 src
1207 3792 1257 3870 est
1276 3792 1553 3887 declaratum-‘i
1638 3810 1738 3893 ngre-

202 3885 373 3979 getione,
398 3904 439 3959 ut
466 3884 615 3961 testatur
638 3883 825 3982 Quamnta
841 3943 849 3960 .
865 3943 873 3961 .
890 3943 922 3962 ..
950 3890 1106 3970 Barbosa
1133 3895 1228 3985 (d).
1255 3892 1445 3997 Hucusque
1483 3892 1740 3995 Castropalao.

305 3986 438 4061 Ver-um
463 4010 508 4063 ex
534 3988 765 4081 authoribus,
791 4014 879 4088 qnos
905 3994 996 4068 citat
1018 3992 1198 4088 Barbosa,
1233 4019 1340 4094 quem
1365 4016 1512 4074 tantum
1547 3996 1677 4075 videre
1700 3997 1739 4073 li·

197 4087 297 4178 cuit,
323 4112 398 4160 non
426 4088 648 4181 testatur-de
677 4092 740 4164 tali
776 4090 1075 4191 Congregationis
1108 4098 1369 4190 declaratione,
1395 4097 1455 4173 sed
1491 4100 1639 4199 allqat
1666 4108 1736 4174 tun-

196 4205 275 4261 tum
301 4188 468 4263 Riccium
494 4194 530 4265 bt
554 4190 730 4265 Gar'ciam
765 4193 958 4283 dicentes,
999 4196 1095 4293 quod
1121 4201 1270 4296 quando
1290 4200 1473 4297 preterea
1498 4196 1556 4277 eil
1593 4203 1741 4293 tenuis,

194 4290 231 4363 bt
257 4284 387 4363 fruetus
411 4298 537 4364 otn'nes
561 4288 758 4368 consulunt
794 4295 833 4369 in
867 4294 1188 4393 distributionibus,
1225 4298 1346 4376 absens
1371 4304 1513 4377 ratione
1552 4300 1665 4379 statie
1687 4302 1739 4375 lrt=

192 4410 314 4463 eraun
337 4390 446 4466 eriam
473 4390 739 4469 distributiones
762 4396 911 4496 dempta
937 4400 1040 4474 tertia
1066 4423 1187 4499 parte.
1214 4404 1397 4481 Gonzalee
1422 4402 1493 4499 (f)
1520 4404 1615 4481 duas
1632 4396 1738 4479 resert

186 4486 223 4563 S.
250 4490 553 4589 Congregationis
581 4498 874 4573 declarationes:
901 4502 1076 4594 alteram,
1104 4503 1201 4601 quod
1228 4502 1350 4581 absens
1374 4507 1519 4582 ratione
1543 4506 1740 4585 studiorum

187 4606 262 4668 nott
287 4598 434 4695 percipit
458 4596 751 4691 distributiones,
777 4601 937 4698 quemuis
964 4600 1007 4678 fir
1033 4604 1151 4680 absens
1178 4605 1225 4682 de
1245 4594 1537 4709 licential’ap23
1567 4612 1736 4699 alteram,

1594 4712 1692 4815 quod

224 4878 280 4947 (²)
301 4886 419 4943 covarr.
438 4891 530 4969 Verre.
550 4892 680 4963 eremitis·
701 4892 798 4953 collat.
816 4913 877 4961 Μ.
896 4900 963 4951 Μ.
1015 4896 1071 4967 (b)
1092 4900 1198 4959 Barros.
1207 4902 1240 4961 ia
1249 4904 1271 4959 1.
1280 4902 1361 4963 Pauli
1379 4908 1413 4973 ff.
1432 4904 1480 4963 De
1497 4904 1595 4963 Solut·
1616 4903 1673 4965 cul·
1690 4920 1713 4955 ¹·

224 4958 742 5049 (eldlciar.li0.e.fllsrs.caep·s·
782 4969 845 5039 (d)
864 4970 983 5045 Cetror-
1002 4990 1067 5033 tem.
1090 4996 1116 5031 a.
1135 4988 1172 5035 tr.
1196 5000 1221 5044 7.
1240 4982 1278 5037 D.
1299 5002 1328 5049 ς.
1348 4982 1381 5051 Β.
1398 4990 1430 5047 ¹9¹.
1453 4974 1478 5043 t:
1499 5000 1550 5047 9.·
1633 4970 1637 4977 ’
1684 4978 1697 4999 ’

223 5032 905 5119 (tlM·3·P.·8er-Bp.callt225eae.ae.
945 5050 996 5122 (sl
1012 5054 1238 5130 detendun-
1250 5058 1614 5125 r.cmatt.'t.·r·.1²reunt
1626 5058 1717 5121 mtto
