3864 5686
565 413 1072 495 mortuaria
1517 449 1543 525 7

56 559 231 643 Abiffinos
257 557 461 657 cogitabat,
488 581 575 657 quos
594 571 725 633 ‘tamen
740 553 783 631 zc'i
808 553 928 634 videre
954 580 1029 631 non
1048 554 1134 631 siiit
1149 580 1275 650 mors,
1300 580 1376 658 quar
1397 563 1594 664 navigatio·

55 672 108 744 nis
133 687 253 741 comes
271 659 349 737 -sesc
375 662 426 736 isli
454 661 661 753 adjunxerat
679 658 900 755 'imprudenti
915 711 924 732 .
941 657 1161 734 ‘Covilsatius
1192 660 1340 736 dndiam
1374 666 1473 761 petiit
1496 695 1506 758 ;
1533 670 1592 746 ubi

55 794 136 846 icto
151 762 455 854 'Cana'anoriam,
472 761 627 856 Ceam,
644 765 691 840 ¹&
715 759 931 838 Calecutum
950 761 1073 854 venit,
1093 764 1140 837 in
1164 759 1328 838 ¹dfricam
1357 779 1518 844 remeans
1554 773 1593 848 in

55 872 148 968 tegni
164 864 338 945 -Sosalani
365 885 507 963 portum
532 861 731 940 descendit:
757 862 1078 944 unde'Ormuziurn
1102 889 1186 944 cum
1208 863 1426 963 nauigasset,
1451 868 1592 953 cursum

52 976 202 1051 tandem
224 969 354 1044 direxit
371 968 426 1044 ad
448 965 694 1045 'Abiffinorum
719 965 876 1144 tcg'iapn.

756 1092 811 1166 ³¹4
838 1076 873 1145 6.

368 1168 497 1249 Pium.
516 1168 749 1272 ‘Bona-sper.
777 1177 876 1271 long.
906 1188 968 1268 37.
994 1175 1074 1247 tar.
1104 1190 1164 1270 34.
1191 1199 1271 1248 mer.

106 1279 281 1375 Apertum
309 1275 380 1349 hoc
408 1301 505 1350 anno
529 1274 578 1348 est
598 1274 877 1350 Barmolomaeo
903 1299 945 1348 ac
971 1273 1082 1350 Petro
1092 1274 1187 1352 Diaz
1211 1274 1396 1372 fratribus,
1414 1281 1459 1357 dt
1483 1276 1592 1374 Joan·

63 1383 91 1457 ni
118 1379 264 1454 Infante
288 1375 476 1454 Lusitanis
510 1376 830 1475 promontorium,
858 1375 964 1475 ‘quod
1000 1403 1180 1453 nomena
1207 1403 1212 1412 ·
1239 1383 1375 1457 tucellis
1404 1405 1442 1455 'v.
1478 1381 1594 1456 delas

63 1491 256 1558 Tormentas
280 1507 366 1580 quas
392 1482 526 1554 circum
545 1477 638 1576 passi
657 1477 830 1570 'suetant‚
848 1474 1023 1555 sortitum
1049 1478 1119 1554 est.
1141 1479 1180 1556 'L
1198 1486 1335 1558 'itatius
1354 1483 1440 1562 *Rex
1465 1501 1592 1559 contra

61 1611 80 1659 a
103 1584 181 1683 spe,
205 1609 253 1658 eo
278 1583 462 1681 superato,
489 1583 698 1657 commercii
724 1608 808 1659 cum
828 1579 963 1676 sndis,
991 1607 1073 1661 non
1097 1581 1171 1674 jam
1198 1609 1219 1658 a
1255 1586 1449 1682 procellis,
1485 1582 1544 1662 sed
1571 1610 1593 1663 a

57 1684 167 1764 Bona
184 1679 248 1783 spe
266 1682 360 1762 secit
385 1686 546 1782 deinceps
574 1686 764 1784 appellari.

769 1808 884 1887 ³492·

640 1887 815 1966 Americae
842 1888 1022 1966 inventio.

95 1989 180 2070 ⁴Die
218 1992 408 2071 undecima
441 1992 606 2069 'Odiobris
643 1993 796 2090 primam
831 1989 1012 2091 patefaua
1048 1988 1222 2068 Americae
1249 1994 1441 2089 regionem
1478 1994 1593 2070 tenuit

60 2092 329 2194 Christophorus
353 2095 496 2188 Colon,
526 2097 623 2172 adita
641 2094 852 2192 possessione
878 2119 942 2193 pro
956 2093 1128 2169 *Castellae
1160 2095 1291 2193 Rege.
1327 2093 1411 2173 Una
1437 2115 1522 2170 ‘etat
1549 2116 1598 2170 ex·

65 2196 215 2293 Lucayis
242 2196 355 2274 insula
373 2199 425 2274 ab
452 2198 625 2296 indigenis
650 2195 743 2274 dista
766 2198 984 2287 Guanaham'3
1004 2221 1145 2272 'novum
1183 2218 1304 2273 autem
1328 2219 1470 2274 {nomen
1497 2219 1597 2272 acce·

61 2302 111 2397 pit
139 2301 182 2374 ab
208 2302 423 2394 inventore,
452 2302 519 2377 ‘cui
546 2298 722 2376 a'Sansio
747 2299 941 2375 :salvatore
965 2322 1058 2374 *eam
1082 2299 1308 2375 denominari
1336 2301 1495 2400 placuit.
1522 2296 1596 2374 Cu-

57 2400 145 2475 bam
169 2403 248 2477 inde
274 2405 394 2496 venit,
420 2405 515 2478 unde
540 2402 688 2478 tandem
715 2403 848 2500 appulit
874 2403 999 2494 Haiti,
1015 2424 1137 2500 quam
1171 2400 1370 2501 Hispanam
1402 2402 1557 2477 vinsulam
1583 2434 1600 2491 ,-

60 2528 93 2617 νἱ
120 2500 279 2600 Espafaola
307 2508 544 2602 nuncupavit.
572 2505 688 2610 Gallis
707 2523 838 2581 tamen
860 2508 978 2603 placet
996 2505 1170 2580 eamdem
1194 2503 1310 2604 potius
1337 2530 1358 2581 a
1386 2503 1432 2582 S.
1452 2498 1595 2580 Domi·

48 2627 145 2681 nico
170 2631 320 2704 principe
345 2627 491 2686 civitate
513 2629 695 2686 vocitare.

765 2729 881 2808 ³493·

645 2806 767 2889 Linea
794 2810 993 2888 Divisotia.

104 2905 311 2990 Alexander
334 2914 430 3013 Papa
458 2917 529 2991 hoc
555 2916 702 2991 nomine
727 2915 852 2992 Sextus
878 2912 1131 3011 famigeratam
1147 2910 1310 3006 lineam,
1327 2935 1445 3012 ‘quam
1472 2911 1518 2989 ad
1538 2912 1594 2991 in·

60 3007 122 3084 sar
146 3015 274 3090 limitis
308 3016 484 3114 Hispanus
521 3016 777 3114 Lusitanusque
803 3019 840 3092 in
870 3017 977 3092 novis
1015 3014 1300 3114 acquisitionibus
1328 3013 1597 3108 observarent,

62 3112 183 3191 ducere
213 3114 364 3190 instituit
391 3115 460 3185 hoc
487 3138 614 3186 anno.
648 3117 694 3188 Et
722 3120 865 3208 quidem
892 3140 1018 3190 recens
1042 3119 1143 3191 duaa
1160 3117 1260 3192 flinea
1295 3141 1403 3192 >marc
1439 3117 1598 3204 medium

63 3214 146 3289 inter
172 3217 315 3290 Azores
340 3211 520 3288 &Viridis
544 3215 779 3307 promontorii
807 3213 935 3287 insulas
956 3214 1209 3303 dissecabatur3
1235 3240 1359 3290 vetum
1375 3215 1498 3312 'postea
1520 3239 1597 3312 pro-

62 3312 166 3411 gressa
192 3312 244 3390 est
273 3333 359 3410 370.
388 3312 514 3385 sericas
547 3312 770 3388 occidentem
789 3310 941 3385 uersus.
980 3313 1106 3386 *Non
1131 3311 1198 3385 nisi
1226 3336 1313 3410 270.
1351 3315 1430 3412 post
1453 3336 1600 3393 centum

61 3420 177 3514 primo
202 3435 426 3491 numeratas.
455 3414 468 3441 ¹
1071 3503 1074 3505 Α

111 3518 251 3594 Eodem
277 3516 348 3592 hoc
373 3541 472 3593 ‘anno
501 3535 612 3614 1493.
651 3517 794 3590 incertis
830 3514 949 3591 diebus
982 3514 1110 3592 mensis
1134 3512 1339 3591 Odobtis*
1379 3518 1601 3598 insecundo

59 3620 288 3716 navigatione
315 3621 328 3648 ¹
356 3615 533 3717 plerasque
557 3641 680 3694 omnes
705 3643 749 3694 ex
774 3619 887 3714 parvis
911 3617 1055 3693 Antillis
1081 3617 1241 3694 Colonus
1269 3618 1473 3714 adinvenit,
1508 3619 1597 3698 sete-

63 3745 127 3818 que
153 3719 276 3797 iisdem
301 3747 427 3799 omnes
453 3719 690 3819 agnoscuntur
726 3719 937 3814 vocabitis,
973 3719 1096 3818 quibus
1122 3720 1212 3796 olim
1238 3719 1352 3795 abeo
1382 3737 1600 3820 'nuncupata

67 3826 130 3897 illae
154 3821 259 3899 sunt.
286 3824 395 3899 Venit
420 3820 564 3898 subinde
586 3822 629 3917 in
655 3819 805 3896 insulam
830 3818 1044 3920 Boriqueni‚
1063 3843 1179 3920 'quam
1204 3820 1240 3897 S.
1261 3816 1410 3917 Joann'is
1433 3823 1599 3924 Baptistae

66 3928 210 4001 nomine
235 3926 442 4017 illustravit,
477 3926 533 4000 cui
559 3924 722 4021 deinceps
751 3922 896 4000 'accessit
922 3947 1132 4022 cognomen
1164 3921 1207 3994 ‘de
1226 3925 1472 3999 4Ριιινιο-Ιίἰσο.
1510 3925 1604 4001 Inde.

65 4028 109 4100 ad
132 4026 384 4126 Hispaniolam
409 4028 546 4103 rediens
572 4027 692 4123 primae
727 4027 766 4101 in
792 4025 875 4101 orbe
910 4049 1006 4100 novo
1031 4025 1184 4100 civitatis
1208 4023 1443 4100 fundamenta
1477 4026 1598 4120 jecit,

58 4127 316 4230 conditamque
336 4130 491 4207 Isabellae
508 4128 761 4228 nominequod
786 4129 838 4206 ita
856 4148 1041 4206 vocaretur
1052 4124 1213 4203 castella
1234 4126 1375 4226 Regina
1394 4122 1591 4230 insignivit.

779 4255 792 4306 1
826 4257 888 4325 9.

475 4334 659 4432 ¹Jamaica.
685 4337 784 4434 long.
800 4253 898 4432 42945.
925 4337 1005 4409 Lat.
1030 4332 1097 4410 bar.
1123 4354 1184 4426 17.

112 4430 396 4534 Decimaquarta
419 4435 549 4514 Martii
576 4437 691 4535 primo
716 4438 850 4535 appulit
874 4435 1034 4512 Colonus
1059 4437 1096 4511 in
1122 4432 1355 4531 Jamaicam‚
1390 4433 1486 4523 cujus
1513 4459 1534 4508 a
1558 4433 1597 4509 S.

74 4529 205 4624 Iacobo
230 4541 369 4616 nomini
394 4564 465 4639 quo
491 4538 534 4616 ab
562 4541 744 4622 inventore
768 4539 904 4615 donata
925 4557 1028 4630 erat,
1051 4555 1153 4615 'vetus
1178 4539 1358 4636 praevaluit
1395 4537 1613 4619 nominatio,

66 4638 238 4721 Jamaica.
267 4640 282 4669 *
315 4640 458 4718 Falsum
487 4637 527 4717 'id
551 4642 728 4741 quidem,
765 4637 932 4736 Jamaicae
969 4640 1067 4715 enim
1100 4641 1346 4718 denominatio
1370 4638 1467 4715 haud
1501 4656 1606 4716 vetus.

75 4731 152 4814 sanc‘
175 4740 248 4834 est,
274 4747 312 4824 &
335 4743 385 4820 est
411 4745 482 4843 ipsa
502 4770 615 4844 quam
642 4768 663 4818 a
687 4741 724 4818 S.
745 4735 885 4839 Jacobo
903 4739 1070 4817 Colonus
1095 4740 1285 4838 imposuit,
1320 4741 1470 4840 jacobus
1503 4741 1599 4836 quip-

75 4861 113 4932 pe
136 4849 325 4923 vernaculo
348 4844 509 4924 sermone
532 4842 644 4923 etiam
657 4846 799 4940 Jaime,
824 4846 861 4925 u
873 4848 995 4938 Jamei
1018 4835 1168 4920 dicitur.
1195 4844 1229 4917 ¹.
1256 4842 1301 4918 In
1326 4844 1394 4917 hac
1419 4841 1596 4917 circuitio

75 4961 115 5014 ne
138 4949 366 5047 exploratum
388 4949 514 5028 habuit
537 4946 719 5042 Gelonus,
744 4946 886 5025 Cubam
911 4947 1064 5049 undique
1088 4945 1316 5040 circumcingi
1342 4944 1455 5019 mari.

1439 5250 1547 5345 1496.
