3856 5678
271 325 350 406 uu
676 323 1284 407 tonoinuriouss

221 467 361 562 vanua,
399 463 619 545 sacramenta
654 484 796 566 quoque
816 491 858 542 ea
884 490 960 566 quae
995 463 1184 543 necessario
1219 467 1344 566 cuique
1378 463 1594 564 suscipienda
1630 465 1754 566 sunt,

194 585 298 648 ‘rum
322 570 468 649 demunt
492 585 568 671 quoe
592 571 612 644 d
639 564 724 645 Deo
749 587 865 667 petere
889 574 926 647 dt
950 569 1128 663 expediam
1152 569 1318 646 debemus
1342 569 1441 659 juxta
1465 568 1755 647 dominiczora·

216 673 327 749 tionis
353 666 609 751 institutionem
635 667 755 747 sedulb
781 669 819 745 in
844 670 907 745 his·
920 670 1103 748 erudiendi
1128 667 1209 747 sunt
1234 674 1255 748 a
1281 669 1474 774 pastoribus
1506 676 1543 748 de
1579 671 1756 751 minimis

215 770 547 868 omnes,1naxime
571 772 728 850 rudiores
753 771 856 864 Indi,
882 769 1096 868 AErbiopes,
1122 775 1218 872 pueri
1246 799 1309 871 pro
1334 772 1495 870 cujusque
1536 773 1679 869 ingenio
1716 779 1760 853 dt

215 874 503 975 opportunitate,
528 898 574 951 ne
599 871 798 971 gravissimo
826 873 1033 970 ignorantia
1057 875 1184 951 morbo
1209 882 1273 967 (ut
1294 873 1338 953 sit
1363 873 1525 975 paffim)¹
1542 874 1754 972 periclitam

215 994 296 1055 tur.
321 972 485 1055 Omnino
512 996 631 1054 autem
656 976 854 1052 curandum
880 974 950 1067 est,
977 998 1017 1051 ut
1043 977 1254 1077 quicumque
1280 1001 1392 1076 neque
1418 996 1524 1052 aetate
1547 999 1662 1074 neque
1686 999 1754 1049 ua·

213 1077 371 1157 letudine
396 1079 446 1155 im
489 1078 657 1170 diuntur,
683 1079 890 1153 memoriter
914 1075 1073 1153 ediscant
1107 1081 1283 1154 elementa
1317 1077 1548 1170 christiana,
1584 1074 1751 1163 maxime

211 1177 412 1273 symbolum
463 1180 543 1271 dei,
567 1179 771 1256 orationem
797 1180 1224 1279 dominicam,praecepta
1249 1182 1432 1278 decalogi,
1457 1178 1767 1263 sacramentaecq

211 1277 339 1358 clesiac.
368 1279 412 1360 Id
436 1301 475 1359 ut
503 1277 597 1371 fiat,
622 1280 849 1378 antiquorum
875 1304 1056 1361 canonum
1080 1279 1213 1357 statuta
1236 1280 1378 1380 sequens
1400 1282 1439 1357 S.
1461 1280 1625 1374 Synodus
1652 1302 1755 1377 pra-a

213 1381 323 1484 cipit,
348 1402 390 1461 ut
428 1383 543 1457 nullus
579 1382 626 1458 ad
658 1380 820 1478 baptismi
855 1381 1118 1460 sacramentum
1152 1384 1402 1475 admittatur,
1439 1383 1500 1480 qui
1536 1406 1612 1456 non
1650 1380 1749 1476 prius

213 1479 413 1577 symbolum
437 1483 699 1566 &orationem
724 1482 946 1560 dominicam
963 1483 1097 1561 saltem
1120 1487 1328 1559 memoriter
1364 1483 1555 1561 reddiderit
1580 1535 1593 1554 .
1627 1479 1753 1562 Idem·

215 1607 283 1683 que
310 1585 347 1662 in
372 1583 601 1660 sacramentis
624 1584 842 1680 poenitentiae
866 1590 902 1661 u
926 1582 1211 1663 confirmationis
1233 1584 1453 1662 conserendis
1489 1583 1641 1657 omnino
1675 1582 1750 1656 ser·

214 1705 342 1778 retur„
365 1706 516 1783 excepto
541 1686 594 1760 iel
620 1683 833 1764 necessitatis
858 1688 1034 1778 articulo,
1060 1689 1113 1761 vel
1140 1689 1259 1762 nimiae
1284 1687 1488 1776 seneuutis,
1512 1703 1574 1759 aut
1611 1685 1759 1783 egritu-

213 1787 328 1881 dinis,
357 1783 430 1864 sive
453 1788 564 1864 etiam
590 1786 771 1883 prostiiidae
797 1788 945 1877 alicujus
968 1788 1187 1864 hebetudinis
1212 1788 1495 1886 impedimento,
1518 1787 1614 1883 quod
1646 1809 1754 1883 paro-

214 1887 370 1967 chorum
393 1885 742 1966 &confessariorum
768 1889 901 1980 judicio
926 1896 962 1967 di
986 1891 1209 1965 conscientia
1234 1891 1476 1990 relinquatur.
1498 1884 1574 1982 Qu
1599 1885 1685 1961 verb
1711 1887 1760 1964 iis

216 2010 364 2069 tanturn
389 1989 653 2088 impedimentis
678 1992 815 2090 gravati
840 1987 999 2083 suerint,
1024 2015 1065 2067 ur
1090 1990 1322 2089 copiosiorem
1350 1988 1563 2070 catechefim
1585 2012 1664 2060 non
1688 1987 1757 2062 ad·

213 2091 365 2170 mittant
396 2092 628 2184 ,doceantur
654 2116 721 2191 pro
744 2090 807 2167 suo
833 2092 947 2167 modo
970 2095 1141 2190 praecipua
1168 2091 1251 2167 fidei
1275 2094 1394 2193 capita
1423 2146 1437 2176 ,J
1472 2087 1603 2166 scilicet
1640 2111 1759 2166 tinum

215 2190 285 2269 eise
309 2192 433 2269 Deum
457 2216 577 2267 retum
614 2195 780 2267 omnium
819 2193 1030 2286 authorem,
1067 2196 1127 2292 qui
1153 2196 1358 2269 accedentes
1384 2196 1431 2267 ad
1461 2195 1494 2267 se
1520 2193 1593 2266 vita
1616 2212 1754 2266 aeterna

217 2313 423 2370 remunerat
449 2348 460 2385 ,
489 2294 676 2389 impios&
701 2294 846 2369 rebelles
872 2295 910 2368 in
936 2296 1008 2368 alib
1033 2294 1162 2369 saeculo
1185 2299 1307 2392 punit.
1346 2293 1491 2370 Deinde
1514 2293 1613 2367 hunc
1636 2292 1755 2388 iprum

212 2391 338 2473 Deum
365 2390 432 2470 esse
456 2391 601 2470 Patrem
626 2398 663 2472 dt
688 2393 818 2470 Filium
845 2450 857 2487 ,
883 2395 1116 2491 &Spiritum
1141 2397 1332 2471 Sandum:
1361 2415 1429 2471 tres
1452 2395 1599 2493 quidem
1632 2390 1752 2491 perso·

215 2520 285 2569 iias,
306 2549 320 2588 ,
344 2493 406 2573 sed
432 2519 545 2599 unipm-
571 2520 692 2571 verurn
717 2494 863 2589 Deum,
891 2518 1015 2595 praeter
1040 2522 1145 2594 quem
1172 2500 1288 2572 nullus
1314 2496 1357 2572 sit
1386 2500 1478 2572 alius
1500 2520 1602 2572 uetus
1622 2492 1752 2569 Deus.

213 2593 389 2675 Praeterea
425 2594 557 2676 Fililim
592 2595 666 2673 Dei
702 2620 843 2695 propter
879 2599 1112 2696 reparandam
1147 2596 1294 2675 salutem
1330 2598 1486 2675 hominis
1519 2594 1661 2672 sadum.
1687 2594 1758 2671 ho-

212 2700 351 2776 minem
388 2718 433 2774 ex
468 2697 646 2798 Virgine,
681 2722 745 2795 pro
791 2698 894 2774 nobis
928 2698 1061 2796 passum
1093 2704 1134 2778 di
1163 2719 1348 2776 mortuum
1378 2753 1393 2791 ,
1436 2723 1480 2774 ac
1515 2704 1663 2772 tandem
1696 2719 1756 2772 re*

212 2795 423 2889 surrexisse,
457 2800 497 2876 bt
529 2814 676 2899 regnare
712 2799 750 2873 in
785 2821 958 2876 eternum
989 2854 1002 2874 .
1047 2800 1158 2876 Hunc
1193 2799 1260 2877 else
1295 2799 1415 2898 Jesum
1447 2797 1631 2874 Chrisium
1674 2796 1759 2874 sau

209 2918 380 2978 tiatorem
406 2899 585 2978 nosintm.
612 2897 818 2992 Postremb,
842 2903 1022 2978 neminem
1048 2901 1139 3001 posse
1165 2905 1237 2976 esle·
1257 2901 1411 2993 salvum,
1435 2899 1524 2999 quin
1548 2899 1672 2973 credat
1711 2899 1756 2974 in

216 2999 336 3102 Jesutu
359 2998 565 3091 Christum,
590 3005 626 3078 u
651 3002 829 3098 prenitens
847 3002 892 3077 de
918 3007 1069 3101 peccatis
1094 3002 1286 3079 commissis
1310 3005 1530 3078 sacramenta
1553 2998 1625 3088 ejus
1646 2993 1757 3072 susci·

128 3111 134 3120 '
212 3106 289 3202 piat
319 3129 331 3173 :
357 3101 577 3198 baptismatis
601 3105 743 3202 quidem
770 3101 797 3178 si
823 3101 973 3179 infidelis
998 3103 1067 3194 fit,
1090 3104 1335 3195 consessionis,
1362 3101 1527 3198 silapsus
1553 3097 1627 3197 post
1663 3098 1752 3196 bap-

206 3203 385 3296 tismum3
411 3228 455 3278 ac
479 3203 629 3301 denique
653 3203 783 3281 statuat
808 3227 850 3280 ea
876 3204 1011 3283 servaro
1035 3231 1110 3305 quae
1135 3207 1236 3283 Deus
1260 3212 1299 3284 di
1320 3202 1476 3281 Ecclesia
1503 3202 1631 3277 Sinda
1646 3225 1751 3298 ..pras-

204 3306 369 3405 ripiunt:
394 3331 545 3404 quonun
569 3301 707 3382 summa
734 3304 782 3382 est
807 3328 847 3380 ut
873 3305 996 3383 Deum
1021 3309 1146 3405 diligat
1171 3307 1275 3405 super
1294 3308 1418 3381 omnia
1432 3361 1446 3397 ,
1468 3310 1510 3382 di
1541 3301 1747 3402 proximum

206 3405 297 3484 sicut
322 3403 356 3481 se
383 3404 495 3503 ipsum
522 3460 534 3480 .
559 3405 766 3501 Intelligant
794 3409 902 3505 igitur
924 3407 1144 3500 sacerdotes,
1169 3406 1235 3484 nifi
1262 3408 1301 3482 in
1319 3404 1388 3483 fide
1414 3404 1599 3481 institisses
1629 3402 1772 3506 bapti-¹

208 3526 318 3597 arnt,
340 3508 399 3581 vel
423 3507 448 3582 d
485 3508 640 3604 peccatis
669 3507 872 3603 absolvant,
907 3507 943 3584 se
967 3510 1155 3604 &grandi
1180 3506 1362 3608 sacrilegio
1387 3507 1677 3599 commaculare,
1710 3505 1752 3585 s<

207 3609 420 3687 ‘mimarum
442 3632 521 3684 reos
545 3611 639 3708 apud
665 3607 820 3686 severum
844 3611 998 3703 judicem
1021 3613 1172 3687 reddere.
1192 3615 1195 3618 ‘

312 3707 375 3787 De
398 3709 581 3786 eliciendis
603 3711 732 3788 adibus
755 3710 858 3806 fidei,
895 3712 990 3812 spei,
1020 3718 1057 3791 u
1091 3711 1298 3804 charitatis,
1323 3718 1363 3791 bt
1383 3712 1633 3803 contritionis,
1659 3731 1750 3808 qllo·

206 3819 297 3890 'xiim
323 3831 424 3890 tanta
448 3811 499 3890 esi
535 3811 714 3891 necessitas
753 3815 798 3890 ad
835 3815 1006 3908 salutem,
1043 3815 1179 3916 praestat
1212 3817 1342 3891 modus
1365 3817 1386 3891 a
1411 3814 1604 3890 lletredidlo
1641 3809 1748 3886 XIV.

215 3912 435 4022 praescriptus
456 3915 494 3991 in
518 3913 645 3991 Consi.
667 3919 739 4004 ΕΜ
762 3918 898 3992 minimi
922 3920 1008 3995 dara
1033 3939 1069 4014 7.
1095 3916 1199 3994 Febr.
1225 3939 1338 4015 1742.
1362 3935 1402 3990 ut
1439 3938 1567 4013 nempe
1602 3912 1749 3988 animo·

211 4042 293 4093 tum
318 4019 430 4095 redor
454 4038 517 4092 aut
542 4017 729 4093 catechista
752 4019 969 4119 intelligibili
994 4045 1081 4095 voce
1107 4017 1216 4094 bosoe
1239 4021 1336 4095 adius
1364 4018 1484 4093 eliciat
1504 4014 1668 4093 auditore
1688 4034 1747 4089 te·

200 4131 354 4219 petente
373 4118 572 4195 verbatim.
601 4119 643 4193 ln
667 4119 869 4198 necessitate
894 4120 979 4197 verb
1003 4122 1052 4200 est
1075 4119 1209 4222 quisibi
1234 4117 1450 4198 satissadium
1475 4135 1601 4216 putet,
1634 4113 1749 4191 fini·

200 4220 265 4294 dis
289 4219 439 4314 aetbiops
463 4223 518 4293 vel
545 4220 648 4296 indus
671 4240 811 4296 tantum
839 4220 991 4299 affirmet
1017 4224 1063 4297 ad
1088 4223 1237 4323 singulas
1274 4222 1407 4297 interro
1431 4219 1571 4294 aciones
1598 4215 1746 4316 soquen-

200 4341 265 4398 *tes
287 4323 343 4394 vel
369 4317 523 4396 similest
546 4326 577 4395 C
576 4349 645 4396 rear
678 4321 817 4420 quehai
844 4348 894 4398 un
904 4322 980 4399 solo
1005 4323 1098 4402 Dios
1124 4326 1334 4414 verdadero,
1361 4245 1742 4414 insultamntegran·

178 4421 272 4515 s7de,
298 4418 495 4518 poderoso,
522 4420 619 4499 sabio
646 4477 659 4514 ,
682 4448 707 4517 y
731 4423 869 4517 boetio,
896 4427 1058 4520 criador,
1083 4426 1265 4518 salvador,
1290 4447 1313 4520 y
1338 4423 1412 4514 juez
1439 4422 1484 4498 de
1507 4421 1664 4500 otiositas
1689 4418 1744 4496 ai·

207 4526 313 4602 ntes?
340 4523 390 4599 R.
413 4524 452 4600 Si
481 4548 589 4614 creo,
610 4522 718 4599 Crees
744 4530 839 4600 ἃς..)
867 4527 915 4601 R.
939 4528 998 4605 Si.

209 4633 215 4643 '
301 4621 470 4712 ,Modum
492 4623 542 4702 stc
566 4626 605 4698 in
627 4624 830 4700 neceffitare
867 4629 1113 4704 catechizandi
1150 4627 1429 4726 interrogando,
1449 4639 1504 4705 lut
1533 4623 1624 4701 fidei
1652 4644 1760 4715 ⁶²2·-

200 4727 349 4806 didatus
368 4725 603 4828 respondeat,
627 4726 752 4824 probat
777 4727 814 4804 S.
840 4728 1054 4831 Augustinus
1080 4735 1155 4821 (a)
1182 4785 1195 4824 ,
1219 4732 1279 4834 qui
1304 4756 1397 4811 cum
1414 4724 1746 4904 ιιιιάἰάἰίῖειάἑεεοι

239 5063 296 5139 <al
315 5074 397 5138 «Δις.
415 5071 486 5135 Cap.
507 5085 536 5136 9·
556 5071 601 5130 De
615 5067 667 5138 fid.
686 5075 724 5127 tr
742 5071 844 5145 emir.
