3856 5678
535 89 1043 173 Arosroatcar·
1097 99 1206 191 1650·
1262 112 1371 190 1700·
1595 119 1671 201 445

193 233 365 329 dmalia,
387 233 445 313 vel
468 252 598 334 pecora
623 231 842 326 conducere,
867 254 909 310 ut
935 234 972 307 in
999 232 1178 309 condudtis
1204 235 1336 331 pariter
1360 230 1498 334 pascuis
1521 237 1611 317 alita
1645 237 1718 319 fru-
1744 298 1748 306 ·

192 340 268 415 stus
291 335 537 414 faciautcum
562 339 661 413 lucro
688 336 907 443 vendendps.
935 335 1097 412 Licitum
1123 334 1172 412 est
1199 338 1258 411 illa
1285 340 1480 413 conducere
1515 343 1568 414 vel
1598 352 1738 420 emere

192 458 236 515 ut
261 440 298 514 in
323 440 469 539 propriis
496 437 798 536 patrimonialibus
824 458 885 513 aut
911 435 1169 514 beneficialibus
1194 439 1330 536 praediis
1354 438 1449 539 pasta
1483 438 1715 537 modificent,

192 543 247 618 vel
274 561 339 640 pro
365 543 536 616 alimento
563 539 637 615 fine
655 539 892 637 emptoribus.

296 643 340 718 In
364 642 421 718 his
447 643 616 718 Americae
652 640 850 738 regionibus
886 643 955 716 tria
980 666 1049 739 prae
1073 644 1185 718 oculis
1218 642 1377 719 habenda
1400 643 1512 730 sunt,
1539 668 1584 719 ne
1609 641 1718 721 offen·

188 743 284 823 derit
310 743 482 843 quispiam
507 747 543 818 in
569 741 741 819 sinistram
765 744 810 819 de
835 741 1103 837 ecclesiasticis,
1141 746 1185 820 de
1210 748 1415 845 quibusdam
1442 745 1633 846 pracsertim
1668 770 1739 824 re·-

184 847 369 944 gularibus
392 848 597 943 opinionem
623 848 698 946 plus
735 842 818 921 satis
852 849 1031 943 vulgarem
1056 853 1095 924 dt>
1116 847 1212 947 aeque
1236 845 1397 941 falsam,
1432 873 1513 923 cum
1540 849 1636 948 quod
1666 872 1735 926 res·

187 949 299 1023 habet
325 973 515 1025 commune
553 946 628 1024 srt.
669 971 699 1021 1.
725 943 835 1044 Qrod
859 945 1006 1023 studius.
1024 949 1203 1048 prediales
1238 950 1322 1051 l'acpe
1357 948 1530 1027 defedum
1566 973 1721 1028 monete

187 1047 369 1148 supplent,
397 1052 532 1127 imo&
557 1070 709 1125 monetae
733 1047 813 1127 sunt
841 1073 883 1125 ex
909 1053 984 1148 lege
1009 1073 1045 1146 7.
1073 1054 1128 1127 tit.
1157 1075 1218 1147 24.
1244 1055 1302 1128 lib.
1329 1075 1364 1150 4.
1390 1050 1483 1148 Juris
1509 1054 1645 1146 Indici,
1672 1050 1721 1130 stc

188 1150 363 1229 habente:
390 1157 459 1227 Les
484 1154 634 1229 monedas
658 1154 702 1226 de
727 1154 763 1226 la
798 1153 903 1227 tierra
928 1177 974 1226 eu
1010 1152 1193 1252 Paraguay
1219 1157 1300 1229 sean
1325 1153 1504 1254 especies,
1538 1182 1559 1250 y
1588 1161 1717 1254 valgan

193 1256 215 1328 it
240 1280 347 1329 razon
374 1256 416 1330 de
440 1253 504 1330 seis
529 1259 640 1330 reales
664 1257 696 1328 el
716 1251 812 1354 peste.
838 1250 949 1351 Qrod
974 1255 1096 1352 vulgus
1121 1259 1274 1354 appellat
1297 1256 1366 1355 peso
1391 1259 1504 1333 hueeo.
1534 1257 1634 1334 Idem
1653 1259 1727 1332 lta-1

191 1357 251 1433 bet
277 1355 356 1431 usus
380 1358 417 1431 iu
442 1357 640 1454 regionibus
666 1357 711 1431 ad
737 1353 890 1431 austrum
916 1358 1020 1454 longe
1045 1357 1167 1434 dissitis
1194 1362 1214 1432 a
1240 1360 1317 1452 via,
1345 1384 1413 1458 qua
1439 1357 1641 1457 potosmum
1665 1384 1719 1433 ar·

190 1480 338 1556 gentum
365 1460 401 1534 in
426 1479 569 1558 portum
593 1458 691 1534 fluvii
718 1459 940 1556 cognominis
973 1479 1179 1558 exportatur
1206 1464 1259 1535 vel
1295 1458 1433 1552 eflluit,
1470 1480 1510 1536 ut
1537 1463 1574 1535 in
1601 1463 1720 1538 tradii-

191 1561 255 1636 bus
279 1560 528 1638 Cantamarcae
551 1567 587 1638 dr
621 1561 810 1659 Rivogiae.
849 1560 893 1634 In
929 1558 1115 1659 Paraguay
1147 1564 1291 1660 proprio
1315 1560 1472 1639 maxime
1507 1565 1722 1639 animalium

191 1660 319 1756 ioetus,
345 1665 404 1763 qui
430 1666 512 1757 vix,
540 1682 600 1738 aut
626 1688 671 1737 nc
710 1666 768 1738 vix
802 1663 979 1762 quidem,
1007 1662 1146 1761 poliunt
1172 1665 1245 1741 alib
1271 1689 1403 1741 venum
1436 1667 1611 1760 extrahi,
1637 1689 1720 1740 ven-

189 1766 323 1843 duntur
348 1768 541 1867 indigenis,
567 1791 641 1839 non
678 1790 744 1863 pro
769 1784 919 1864 argento
952 1767 1009 1840 vel
1033 1792 1140 1860 auro,
1167 1769 1262 1867 quod
1287 1792 1408 1843 rarum
1431 1765 1514 1860 est,
1548 1773 1584 1845 dt
1608 1769 1721 1844 rarius

191 1868 367 1968 hucusque
392 1867 482 1962 suit,
510 1892 583 1944 non
610 1893 673 1965 pro
698 1892 765 1942 aere
790 1865 950 1966 signato,
977 1870 1074 1968 quod
1100 1870 1139 1944 in
1166 1888 1245 1946 tota
1272 1871 1438 1946 America
1464 1872 1603 1944 nullum
1629 1867 1679 1944 est
1704 1914 1738 1963 ,·

188 1967 250 2047 std
275 1992 315 2048 ut
340 1975 533 2070 plurimum
558 1995 623 2070 pro
650 1969 801 2046 tabacho
837 1975 874 2048 ὅ(
907 1968 1049 2065 herba,
1084 1996 1161 2069 qua
1186 1971 1234 2047 ibi
1259 1991 1413 2048 moneta
1448 1973 1629 2046 rationem
1654 1969 1721 2046 ha-

188 2072 296 2150 bent:
322 2079 358 2151 ὃ(
385 2073 538 2150 tabacbo
563 2072 705 2169 quidem
730 2099 769 2144 en
805 2095 935 2164 rama,
972 2093 1034 2149 aut
1061 2074 1183 2168 ajunt,
1219 2095 1325 2173 prout
1362 2072 1502 2149 eterra
1527 2072 1720 2150 nascitur.

187 2174 286 2251 Cum
311 2173 394 2248 verb
420 2174 630 2246 clericorum
663 2177 699 2247 dr
733 2171 995 2265 monachorum
1022 2175 1130 2247 vidus
1154 2181 1190 2251 &
1225 2175 1387 2266 vestitus,
1423 2196 1528 2274 atque
1564 2200 1607 2250 ea
1643 2199 1723 2273 quac

188 2273 372 2371 religiosis>
387 2272 548 2348 domibus
572 2275 608 2348 dt
632 2269 783 2346 ecclesiis
819 2269 1008 2346 necessaria
1034 2269 1137 2365 suut,
1164 2297 1240 2348 non
1264 2273 1345 2351 solis
1373 2275 1533 2351 constent
1569 2274 1722 2353 tabacho

192 2382 229 2453 dt
255 2377 380 2467 herba,
405 2375 470 2450 hos
495 2371 624 2450 fruetus
649 2397 710 2471 per
736 2391 979 2449 armentorum
1006 2373 1249 2451 venditionem
1275 2372 1462 2475 acquisitos
1484 2377 1613 2452 iterum
1640 2401 1721 2453 veu-

188 2478 228 2552 di
253 2504 318 2576 pro
343 2479 498 2553 emendis
522 2473 717 2554 neceffarils
741 2500 828 2574 opus
853 2473 922 2549 est.
949 2474 1071 2575 Nequ'e
1098 2477 1135 2551 in
1160 2477 1231 2552 hoc
1264 2468 1556 2555 commutationis
1593 2502 1721 2578 genere

188 2582 316 2657 vitium
342 2578 408 2656 esse
434 2576 527 2680 poffe
552 2578 709 2672 videtur,
736 2581 847 2655 etiarn
872 2576 1024 2677 respedtu
1049 2579 1259 2656 clericorum
1285 2585 1321 2658 dr
1346 2581 1595 2679 regularium,
1644 2579 1719 2657 uod

188 2683 528 2761 commutationibus
552 2683 776 2782 emptionum
810 2686 846 2760 ὅ(
880 2682 1123 2758 venditionum
1148 2703 1302 2760 moneta
1317 2736 1320 2741 -
1338 2684 1530 2760 traditione
1565 2608 1722 2783 periodis

190 2811 381 2862 commune
406 2812 479 2861 non
505 2783 571 2878 sir,
595 2783 885 2883 quandoquidem
909 2781 1037 2861 fruens
1064 2786 1275 2861 austeritate
1299 2787 1483 2884 legitima,
1511 2792 1547 2865 dt
1581 2782 1719 2863 Princi-

188 2889 241 2986 pis
266 2892 344 2983 lege
369 2889 548 2962 rationem
573 2885 702 2959 habent
727 2887 803 2960 aeris
827 2883 978 2981 fignati,
1004 2891 1041 2961 δι
1066 2908 1147 2960 vera
1172 2903 1321 2961 moneta
1346 2885 1448 2963 sunt.

299 3013 333 3063 2.
360 2987 530 3084 Operas,
567 2987 688 3085 quibus
712 2983 805 3062 stant
840 2984 1009 3084 religiosae
1032 2986 1180 3078 domus,
1205 2993 1242 3064 dt
1266 2984 1444 3064 seculares
1468 2991 1580 3066 etiam
1615 2986 1720 3067 fami·

191 3091 270 3182 liae,
297 3088 362 3166 elie
386 3111 428 3164 ut
454 3087 828 3187 plmimumderviles,
852 3112 928 3164 uon
954 3090 1217 3184 condueiitias,
1252 3115 1329 3190 qua
1354 3114 1399 3166 nc
1425 3092 1462 3166 in
1498 3089 1721 3189 dispendium

188 3191 280 3266 hero
308 3212 511 3285 vertantur,
535 3193 756 3267 incolendis
782 3191 873 3290 agris
897 3193 1067 3292 propriis,
1095 3211 1157 3268 aut
1183 3190 1210 3268 st
1236 3194 1365 3293 proprii
1391 3218 1465 3268 non
1491 3191 1605 3284 sunt,
1634 3194 1719 3268 alie-

189 3294 269 3386 nis,
296 3314 356 3369 aut
385 3296 421 3370 in
449 3315 524 3370 arte
551 3298 604 3369 vel
630 3291 881 3371 manufauuris
916 3294 1130 3394 occupandae
1154 3293 1266 3372 sunt.
1301 3293 1420 3395 thue
1445 3294 1627 3386 cibentur,
1661 3317 1720 3370 ve-

189 3394 361 3488 stiantur,
386 3419 634 3495 occupentur,
661 3394 794 3473 neceffe
817 3392 867 3471 est
905 3398 1095 3496 aliquando
1120 3422 1173 3473 res
1208 3421 1325 3472 emere
1361 3397 1521 3495 alioquin
1554 3394 1719 3496 religioso

191 3499 294 3574 vidui
319 3497 541 3597 superfluas,
579 3519 618 3576 ut
655 3526 714 3599 per
751 3519 865 3576 artem
901 3505 1110 3601 &manum
1135 3501 1395 3599 mancipiorum
1422 3501 1619 3575 immutato
1654 3519 1716 3576 aut

192 3603 387 3676 meliorata
411 3604 607 3678 vendantur
632 3601 745 3678 rursus
770 3627 834 3699 pro
858 3600 1026 3677 habendis
1052 3599 1269 3676 necessariis.
1296 3601 1419 3699 Neque
1450 3603 1507 3691 id,
1529 3601 1619 3676 dum
1639 3626 1718 3678 ma·

192 3727 259 3778 nus
283 3699 385 3794 sunt,
412 3721 452 3776 ut
477 3703 556 3779 sunt
581 3729 708 3778 manus
733 3704 1017 3800 mancipiorum,
1044 3702 1191 3800 propriae
1215 3701 1469 3792 dominorum,
1496 3703 1719 3777 interdidlum

191 3803 264 3881 est.
292 3803 373 3877 Imo
400 3805 437 3877 in
460 3799 543 3897 Jure
568 3802 757 3878 Canonico
785 3801 1019 3898 approbatur,
1046 3822 1085 3876 ut
1109 3799 1200 3875 Can.
1228 3801 1376 3876 Clericus
1402 3801 1452 3876 D.
1481 3824 1539 3892 2.,
1566 3801 1718 3880 &Can

194 3898 386 3998 Numquam
404 3906 447 3978 de
473 3901 640 3981 Consecr.
667 3903 718 3979 D.
747 3926 802 4000 5..
830 3901 877 3976 Et
901 3901 1024 3978 Gloffa
1049 3903 1086 3976 in
1111 3900 1156 3976 C.
1184 3907 1352 3977 renonum
1381 3925 1438 4001 ¹4·
1472 3929 1505 4002 q.
1539 3924 1575 4001 4.
1613 3902 1743 3993 licitis¹

193 4006 497 4104 negotiationibus
521 4027 774 4081 annumeratur
800 4008 917 4079 Emere
938 4007 1066 4082 corium
1090 4001 1129 4084 ὓ·
1153 4005 1225 4079 iude
1244 4003 1342 4100 fuere
1360 4003 1545 4100 sotulares.

300 4127 333 4204 3.
359 4104 468 4205 Quod
493 4128 612 4184 utres
636 4107 788 4183 viliffimi
814 4109 916 4209 pretii
939 4108 1111 4185 vendatur
1145 4105 1216 4184 fine
1239 4105 1456 4208 dispendio,
1483 4128 1545 4184 aut
1578 4128 1720 4187 ematur

191 4209 407 4303 necelsaria,
434 4213 581 4310 longum
606 4213 673 4287 iter
697 4215 877 4287 leucarum
914 4230 1143 4304 tercentum,
1181 4217 1217 4288 dt
1239 4234 1286 4285 eo
1312 4212 1485 4308 amplius,
1523 4213 1719 4290 ineundum

192 4313 407 4413 quandoque
432 4312 504 4387 est.
530 4315 587 4389 ad
610 4315 851 4389 oeconomiam
879 4334 1000 4389 tamen
1025 4314 1241 4388 rationalem
1266 4309 1420 4408 spedat,
1445 4335 1492 4387 ne
1526 4312 1718 4410 plaustrum

192 4417 250 4490 vel
275 4414 401 4513 scapha
429 4442 493 4512 pro
520 4417 705 4492 vendendo
729 4419 783 4490 uel
803 4415 957 4491 emendo
980 4438 1055 4490 uno
1080 4418 1184 4489 clavo
1209 4415 1254 4487 de
1276 4432 1410 4488 caetero
1431 4436 1567 4506 vaccua,
1596 4411 1720 4489 instru-

195 4534 300 4608 atur,
323 4523 360 4596 ὃ(
386 4519 431 4593 ad
457 4540 533 4594 tam
560 4521 708 4617 longum
734 4519 799 4592 iter
834 4516 1078 4614 expediatur..
1106 4515 1175 4590 Sed
1202 4537 1267 4588 nec
1293 4512 1616 4608 diffimulandum,
1651 4538 1718 4590 nec

194 4615 433 4697 dubitandum
457 4620 530 4714 est,
557 4623 642 4720 quin
667 4622 737 4696 hoc
762 4621 973 4695 oeconomiac
1000 4616 1105 4692 titulo
1131 4616 1267 4715 palliari
1293 4615 1396 4714 polilt
1420 4617 1621 4714 negotiatio
1639 4643 1720 4718 pro·

192 4719 329 4797 hibita.
358 4725 504 4802 Accedit
529 4724 625 4824 quod
652 4723 827 4822 contingit
851 4722 960 4818 saepe,
987 4739 1200 4802 mercatores
1225 4722 1321 4796 nolle
1347 4723 1496 4796 vendere
1528 4721 1721 4797 demanda·

194 4841 252 4902 aas
279 4847 410 4901 merces
434 4824 502 4902 nili
527 4829 740 4907 cumulatim
765 4847 930 4909 eruantur
955 4825 1034 4904 aliu
1055 4824 1191 4906 ementi
1211 4848 1286 4907 nou
1310 4821 1526 4921 ueceliaria,
1551 4846 1638 4926 quas
1656 4846 1720 4904 uo·

1586 4943 1675 5004 cant
