3856 5678
388 349 464 431 572
796 323 1378 410 oaoruarrottes
1478 356 1484 369 ·

334 470 398 553 de:
426 467 632 547 moderatur
659 489 872 569 praeceptum
909 471 1114 569 imponendi
1153 474 1302 548 nomina
1330 469 1580 570 martyrologii
1614 465 1866 567 baptizandis,

333 570 522 670 subrogata
547 566 703 648 clausula
728 575 854 648 Carent
890 594 1065 672 quannrm
1089 569 1166 648 fieri
1201 575 1321 672 potest,
1358 572 1461 650 firma
1489 595 1697 672 remanente
1734 574 1867 648 interdi-

336 676 452 762 &ione
478 674 599 773 quoad
624 673 774 751 nomina
812 675 1030 768 idolorum,
1065 678 1102 752 δι
1126 669 1221 751 salsae
1247 677 1426 775 religionis
1451 675 1734 778 poenitentium:
1761 673 1868 749 dcere·

338 797 415 863 tum
441 775 486 850 de
512 799 588 854 non
614 775 847 853 immutandis
872 775 1074 853 nominibus
1098 774 1204 851 sacris
1229 779 1389 855 declarat
1423 803 1500 855 non
1523 776 1652 851 habere
1693 775 1815 851 locum
1836 777 1868 850 is

341 880 485 963 vocibus
510 877 556 954 ab
580 875 800 956 institutione
826 877 997 955 miffionis
1029 881 1272 955 communiter
1296 880 1473 976 receptis:
1512 875 1727 954 seruandum
1761 877 1869 951 decre-

339 1001 417 1058 tum
444 982 488 1054 de
513 1004 588 1055 non
613 980 856 1078 protrahendo
881 978 1079 1081 baptismo:
1115 981 1264 1055 damnat
1303 980 1523 1079 impuberum
1557 978 1870 1069 matrimonia,&

340 1084 497 1158 declarat
526 1081 732 1157 servandam
770 1080 836 1158 elle
863 1082 1067 1158 Tridentini
1103 1078 1259 1157 sormam
1287 1083 1321 1157 in
1348 1085 1435 1159 locis
1459 1137 1470 1176 ,
1496 1085 1534 1158 in
1557 1082 1685 1182 quibus
1723 1078 1798 1169 eius
1820 1081 1869 1153 de-

344 1206 481 1259 cretum
507 1209 579 1281 cap.
611 1207 643 1257 1.
677 1181 709 1279 s.
740 1209 799 1281 24.
824 1192 876 1260 De
902 1182 1049 1279 Reform.
1076 1186 1237 1258 Matrim.
1272 1184 1491 1282 publicatum
1516 1181 1566 1258 'est
1602 1183 1657 1257 uel
1685 1181 1871 1281 publicabi-

346 1308 424 1377 tur,
451 1308 563 1382 neque
588 1286 662 1375 ejus
686 1283 908 1361 obseruantia
934 1284 977 1362 sit
1005 1286 1244 1383 impossibilis:
1271 1308 1462 1384 monetque
1488 1283 1719 1360 milstonariis
1753 1305 1797 1360 ut
1819 1309 1871 1358 cu·

344 1408 425 1463 rent
452 1387 620 1484 publicari
644 1389 697 1473 gin
731 1387 894 1465 omnibus
930 1387 1019 1461 locis
1044 1387 1247 1462 miffionum
1285 1389 1426 1464 illatum
1462 1387 1653 1484 partium:
1694 1384 1875 1460 confinnat

343 1488 621 1597 prohibitionem
645 1490 850 1566 mulieribus
874 1486 1005 1564 ladam
1029 1487 1209 1565 deferendi
1235 1492 1336 1581 tuly,
1371 1490 1533 1588 quamvis
1556 1485 1771 1565 misfionerii
1804 1485 1876 1569 affi-

343 1607 426 1679 rant
454 1604 650 1688 numquam
678 1588 863 1691 permisisse
888 1589 1142 1689 gestationem:
1169 1590 1362 1665 confirmat
1387 1592 1499 1667 etiam
1523 1589 1766 1690 gestationem
1795 1586 1873 1664 foni-

344 1693 415 1773 culi
447 1689 528 1766 108.
558 1691 733 1784 filorum,
766 1699 802 1770 dc
838 1695 1020 1768 decretum
1059 1689 1159 1790 super
1185 1692 1365 1768 abolendis
1399 1689 1642 1790 superstitiosas
1680 1692 1875 1788 nuptiarum

344 1793 492 1887 ritibus,
518 1799 555 1875 δι
578 1792 678 1894 supet
703 1791 872 1872 stasbione
899 1789 1029 1871 stuiius
1054 1796 1367 1892 coecanuncupati‚
1394 1799 1430 1872 dt
1455 1792 1551 1891 super
1584 1792 1800 1869 admissione
1809 1819 1874 1867 mu

346 1897 475 1972 lictum
502 1897 547 1971 ad
574 1893 878 1974 sacramentorum
905 1896 1214 1995 participationem
1243 1917 1400 1994 tempore
1427 1895 1675 1995 purgationis.
1700 1895 1812 1995 Super
1834 1891 1876 1969 se

348 1997 442 2083 stivis
466 2000 762 2097 gratulationibus
797 2025 861 2097 pro
889 2000 1000 2097 prima
1037 1999 1234 2097 puellarum
1261 1999 1471 2097 purgatione
1502 1995 1677 2092 resolvit,
1709 1998 1804 2097 quod
1827 2021 1877 2072 cu

350 2121 428 2174 rent
455 2098 663 2175 miffionarii
691 2104 830 2175 abolere
856 2097 982 2176 festum
1008 2097 1069 2174 sub
1095 2101 1241 2174 nomine
1267 2098 1461 2191 menstrui,
1498 2095 1558 2172 sed
1595 2097 1663 2175 sub
1690 2100 1795 2177 titulo
1816 2123 1876 2173 nu·

350 2201 505 2300 ptiarum
533 2203 773 2299 permittant.
808 2201 919 2299 Super
956 2199 1125 2299 spirituali
1164 2197 1350 2275 assistentia
1377 2198 1495 2277 Parcit
1531 2199 1727 2297 prestanda
1760 2197 1881 2274 consu·

351 2323 430 2385 mat
456 2305 661 2397 decretum,
697 2326 893 2401 monetque
929 2301 1166 2378 milstonarios
1192 2325 1237 2374 ne
1265 2303 1311 2376 ad
1337 2301 1550 2400 baptismtun
1578 2302 1775 2381 admittant
1806 2302 1879 2398 opi

341 2425 476 2495 ¹nantes
503 2403 630 2480 Parcas
654 2402 721 2482 elle
747 2408 768 2480 i
793 2405 880 2482 Deo
905 2405 1131 2504 reprobatos,
1161 2400 1226 2478 nist
1252 2429 1409 2480 errorem
1436 2406 1650 2501 deponant.
1687 2400 1881 2480 Confirmat

345 2507 465 2583 etiam
491 2508 674 2585 decretum
699 2508 744 2584 de
770 2533 843 2582 non
869 2507 1063 2605 praestanda
1090 2507 1125 2581 in
1152 2506 1298 2605 pagodis
1322 2531 1429 2605 opera
1457 2530 1516 2606 per
1541 2505 1753 2582 christianos
1785 2502 1882 2582 muse

353 2633 437 2700 cos,
464 2610 556 2684 circa
583 2609 782 2686 ablutiones
805 2610 917 2685 etiam
953 2607 1288 2701 miffionariorum,
1325 2609 1370 2683 de
1397 2605 1459 2684 usu
1485 2608 1672 2702 cinerum,
1707 2633 1751 2684 ac
1778 2609 1821 2682 de
1845 2608 1881 2680 li·

354 2710 424 2783 bris
454 2710 642 2805 gentilium
678 2734 738 2806 per
773 2709 974 2810 neiiphytos
999 2734 1073 2785 non
1110 2709 1288 2808 legendis.
1326 2707 1583 2808 Praecipitque,
1616 2736 1663 2788 ne
1688 2707 1884 2784 inconsulta

354 2808 481 2897 ‚sanda
507 2809 596 2886 Sede
622 2813 709 2886 ritus
744 2811 931 2908 gentilium
968 2813 1004 2887 in
1031 2809 1300 2887 consuetudines
1324 2807 1608 2907 {christianorum
1637 2830 1886 2886 convertant.

340 2911 488 2987 'Relato
512 2908 651 3011 insuper
676 2911 832 3003 ejusdem
855 2911 1054 2988 Clementis
1078 2908 1140 2987 sub
1160 2912 1378 3010 gravioribus
1401 2914 1516 3013 punis
1533 2914 1664 2990 iterato
1686 2930 1885 3012 praecepto,

341 3014 395 3089 'ut
423 3011 629 3090 missionarii
655 3014 878 3105 iureiurando
903 3012 938 3090 se
964 3013 1183 3112 adstringant
1211 3016 1246 3087 in
1271 3017 1519 3092 executionem
1545 3017 1886 3107 mandatorum&

353 3112 548 3214 superiores
572 3118 733 3219 exempla
761 3118 961 3195 litterarum
989 3114 1263 3216 apostolicatum
1297 3115 1365 3192 suis
1390 3116 1534 3192 subditis
1559 3115 1747 3217 respedire
1786 3113 1888 3194 trans·

355 3219 506 3295 mittant
545 3243 587 3294 ca
614 3222 724 3320 lcgc,
761 3241 801 3295 ut
828 3216 854 3295 sr
878 3221 956 3322 quis
981 3221 1196 3311 resudetur,
1233 3238 1384 3316 cogatur
1408 3215 1428 3294 ὲ
1467 3221 1651 3318 provincia
1688 3221 1884 3297 decedere.

342 3319 492 3398 'Relato
517 3323 653 3416 etiam,
679 3319 915 3399 miffionarios
941 3321 1018 3421 post
1043 3319 1282 3396 obedientiam
1309 3321 1544 3419 promissam,
1578 3328 1616 3402 dt
1651 3322 1884 3416 iuramenmm

355 3421 548 3528 prestitum
575 3426 642 3497 tria
669 3422 865 3522 postulare.
897 3447 928 3498 r.
954 3420 1006 3502 Ut
1030 3445 1139 3499 onere
1165 3421 1355 3505 liberentur
1382 3443 1436 3499 tot
1456 3423 1772 3513 iuramentomm.
1799 3449 1831 3500 2.
1841 3418 1883 3501 Ut

346 3546 609 3626 ,prorogaretur
634 3523 693 3599 dis
730 3523 848 3618 nsatio
884 3525 987 3623 super
1022 3524 1140 3601 saliuae
1164 3528 1200 3601 bc
1238 3521 1486 3601 insufflationis
1511 3525 1609 3602 usu.
1647 3545 1685 3623 3.
1713 3526 1772 3607 Ut
1794 3529 1886 3601 detur

346 3625 549 3719 ,explicatio
574 3624 618 3698 de
641 3550 830 3701 inpudentia
855 3624 974 3701 Parcis
1000 3625 1225 3725 prestanda:
1263 3647 1300 3697 ε
1338 3623 1543 3703 Benedidius
1569 3627 1677 3705 XIV.
1713 3626 1886 3706 nihilomi-

222 3808 225 3813 ,
358 3750 423 3805 nus
445 3725 685 3817 juramentum
711 3724 869 3825 praestare
888 3725 1002 3819 iubet,
1027 3734 1064 3805 dc
1086 3752 1206 3827 poenas
1232 3727 1499 3807 inobservantia
1519 3728 1737 3807 confirmat:
1768 3729 1887 3828 dispeu·

357 3824 533 3903 sationem
570 3826 671 3928 super
706 3827 769 3905 usu
795 3826 1046 3906 insufflationis
1080 3837 1116 3908 dt
1140 3828 1255 3905 saliuae
1280 3852 1450 3929 prorogat
1487 3833 1533 3907 ad
1558 3834 1784 3910 decennium
1818 3836 1891 3909 ulte·

357 3933 451 4007 rins:
478 3929 697 4009 oblationem
721 3932 1021 4010 miffiouaaionun
1047 3952 1195 4030 paterno
1220 3933 1351 4029 gaudio
1377 3936 1574 4034 excipiens,
1610 3938 1785 4035 aliquot,
1817 3952 1892 4036 quot

346 4029 540 4133 'necessarii
567 4030 658 4128 sant,
684 4062 748 4136 pro
771 4030 892 4111 Parcis
916 4034 1078 4135 deputari
1097 4033 1287 4135 praecipit,
1311 4061 1464 4135 quorum
1489 4034 1623 4114 desedu
1662 4038 1892 4138 subrogennr

346 4138 440 4215 etii:
467 4157 507 4212 ut
534 4135 627 4212 intra
652 4138 932 4234 quinquennium
956 4127 1173 4231 documenta
1198 4138 1243 4212 de
1267 4140 1478 4216 executione
1512 4139 1780 4235 exhibeantur,
1816 4141 1893 4216 alio

344 4240 444 4339 'quin
469 4235 676 4314 missionatii
715 4241 761 4316 de
786 4240 861 4314 alio
897 4259 986 4316 caetu
1021 4234 1213 4315 mittantur
1240 4238 1277 4312 in
1301 4263 1345 4315 ea
1370 4267 1496 4340 regna:
1537 4247 1573 4321 dt
1597 4241 1799 4319 Societatis
1823 4239 1895 4338 lesu

344 4337 590 4446 J'r'nillronatii,
615 4340 738 4440 qulbus
764 4339 983 4440 poriffimum
1008 4339 1187 4417 milstones
1210 4341 1278 4416 illae
1303 4345 1445 4419 credite
1470 4343 1579 4437 sunt,
1602 4368 1679 4420 non
1715 4349 1894 4446 expestata

346 4420 505 4539 'justione
532 4443 630 4534 alia,
656 4443 691 4519 in
718 4445 847 4520 virtute
873 4441 997 4519 sanda
1022 4443 1229 4519 obedientiae
1255 4444 1419 4541 repedate
1442 4444 1619 4523 debeant.
1645 4445 1814 4525 Demum
1839 4436 1897 4523 ets

345 4533 591 4638 'miffionarii‚
617 4547 677 4643 qui
706 4549 773 4622 tria
801 4542 977 4647 postulata
1002 4541 1185 4636 secemnt,
1211 4544 1348 4622 nullam
1373 4547 1623 4625 difficultatem
1652 4574 1726 4647 prae
1751 4549 1787 4627 se
1813 4551 1896 4626 tule-

358 4650 432 4737 iint
456 4648 550 4724 circa
578 4649 649 4724 alia
675 4649 795 4746 ,capita
818 4647 950 4725 decreti
977 4645 1088 4724 Catd.
1107 4647 1312 4741 Turnonii,
1337 4651 1419 4748 quia
1442 4676 1486 4727 ex
1512 4651 1668 4728 aliorum
1694 4655 1829 4729 litteris
1848 4675 1896 4726 ae·

360 4771 502 4851 ceptum
527 4769 628 4841 erat,
655 4751 744 4829 alios
769 4751 973 4850 permittere
993 4752 1093 4843 ,tadu
1117 4750 1208 4825 alios
1232 4747 1441 4829 fractionem
1466 4754 1520 4829 del
1541 4779 1630 4831 coeca
1654 4753 1702 4830 ad
1732 4757 1894 4856 capienda

349 4852 539 4951 'auspicia‚
566 4851 654 4927 alios
678 4851 783 4928 sacris
809 4852 1016 4929 interdicere
1042 4853 1205 4929 mulieres
1231 4850 1404 4933 mensrbns
1429 4859 1614 4950 detentas,
1641 4856 1743 4945 iubet
1768 4860 1806 4935 in
1832 4859 1894 4933 vit·

359 4974 446 5032 tuta
471 4951 595 5028 saneta
618 4951 831 5030 obedientie
855 4952 1119 5032 observantiam
1143 4979 1294 5052 eorum,
1318 4983 1397 5056 quat
1420 4957 1591 5035 Clemens
1611 4957 1698 5036 Xll.
1720 4959 1898 5038 observari

358 5057 547 5164 precepit·
574 5054 627 5141 Et
646 5054 873 5175 transumpto
886 5059 1045 5141 ioannis
1054 5059 1144 5159 typis
1163 5059 1286 5139 edito.
1311 5055 1899 5251 lncrpitOnnrr‘umsosicitradglgn.
