<?xml version="1.0" encoding="UTF-8"?>
<!DOCTYPE html PUBLIC "-//W3C//DTD XHTML 1.0 Transitional//EN"
    "http://www.w3.org/TR/xhtml1/DTD/xhtml1-transitional.dtd">
<html xmlns="http://www.w3.org/1999/xhtml" xml:lang="en" lang="en">
 <head>
  <title>
</title>
<meta http-equiv="Content-Type" content="text/html;charset=utf-8" />
  <meta name='ocr-system' content='tesseract 3.04.00' />
  <meta name='ocr-capabilities' content='ocr_page ocr_carea ocr_par ocr_line ocrx_word'/>
</head>
<body>
  <div class='ocr_page' id='page_1' title='image "./fastinoviorbise00moregoog_0404.png"; bbox 0 0 3856 5678; ppageno 0'>
   <div class='ocr_carea' id='block_1_1' title="bbox 541 177 1670 292">
    <p class='ocr_par' dir='ltr' id='par_1_1' title="bbox 541 177 1670 292">
     <span class='ocr_line' id='line_1_1' title="bbox 541 177 1670 292; baseline 0.006 -31"><span class='ocrx_word' id='word_1_1' title='bbox 541 177 1372 291; x_wconf 69' lang='lat' dir='ltr'>Aros·rotrere.rsoo.1⁶5o.</span> <span class='ocrx_word' id='word_1_2' title='bbox 1596 214 1670 292; x_wconf 83' lang='lat'>421</span> 
     </span>
    </p>
   </div>
   <div class='ocr_carea' id='block_1_2' title="bbox 144 318 1791 4481">
    <p class='ocr_par' dir='ltr' id='par_1_2' title="bbox 190 318 1740 529">
     <span class='ocr_line' id='line_1_2' title="bbox 190 318 1723 433; baseline 0.002 -26"><span class='ocrx_word' id='word_1_3' title='bbox 190 320 258 407; x_wconf 60' lang='lat' dir='ltr'>aa</span> <span class='ocrx_word' id='word_1_4' title='bbox 277 322 383 433; x_wconf 64' lang='lat' dir='ltr'>siant,</span> <span class='ocrx_word' id='word_1_5' title='bbox 399 318 481 403; x_wconf 72' lang='lat' dir='ltr'>¹&#39;uon</span> <span class='ocrx_word' id='word_1_6' title='bbox 507 326 689 425; x_wconf 57' lang='lat' dir='ltr'>muitum</span> <span class='ocrx_word' id='word_1_7' title='bbox 716 324 943 421; x_wconf 77' lang='lat' dir='ltr'>indaginem.</span> <span class='ocrx_word' id='word_1_8' title='bbox 971 322 1086 421; x_wconf 75' lang='lat' dir='ltr'>Igitm</span> <span class='ocrx_word' id='word_1_9' title='bbox 1112 325 1159 400; x_wconf 84' lang='lat' dir='ltr'>ad</span> <span class='ocrx_word' id='word_1_10' title='bbox 1183 324 1305 403; x_wconf 79' lang='lat' dir='ltr'>causas</span> <span class='ocrx_word' id='word_1_11' title='bbox 1321 328 1527 425; x_wconf 79' lang='lat' dir='ltr'><strong>indaginem</strong></span> <span class='ocrx_word' id='word_1_12' title='bbox 1544 334 1723 431; x_wconf 87' lang='lat' dir='ltr'>requiren-</span> 
     </span>
     <span class='ocr_line' id='line_1_3' title="bbox 193 425 1740 529; baseline -0.008 -25"><span class='ocrx_word' id='word_1_13' title='bbox 193 450 250 529; x_wconf 77' lang='lat' dir='ltr'>tes</span> <span class='ocrx_word' id='word_1_14' title='bbox 268 440 347 504; x_wconf 83' lang='lat' dir='ltr'>non</span> <span class='ocrx_word' id='word_1_15' title='bbox 372 427 578 506; x_wconf 83' lang='lat' dir='ltr'>extenditur</span> <span class='ocrx_word' id='word_1_16' title='bbox 602 425 891 503; x_wconf 82' lang='lat' dir='ltr'>conservatorum</span> <span class='ocrx_word' id='word_1_17' title='bbox 914 426 988 514; x_wconf 87' lang='lat' dir='ltr'>jus.</span> <span class='ocrx_word' id='word_1_18' title='bbox 1735 450 1740 461; x_wconf 90' lang='lat'><strong>·</strong></span> 
     </span>
    </p>

    <p class='ocr_par' dir='ltr' id='par_1_3' title="bbox 144 525 1768 1110">
     <span class='ocr_line' id='line_1_4' title="bbox 246 525 1737 623; baseline 0.002 -18"><span class='ocrx_word' id='word_1_19' title='bbox 246 534 329 620; x_wconf 82' lang='lat' dir='ltr'>(u)</span> <span class='ocrx_word' id='word_1_20' title='bbox 357 526 394 606; x_wconf 81' lang='lat' dir='ltr'>sn</span> <span class='ocrx_word' id='word_1_21' title='bbox 419 557 484 605; x_wconf 85' lang='lat' dir='ltr'>una</span> <span class='ocrx_word' id='word_1_22' title='bbox 512 529 635 615; x_wconf 77' lang='lat' dir='ltr'>dioeceſs</span> <span class='ocrx_word' id='word_1_23' title='bbox 644 584 653 601; x_wconf 95' lang='lat'><strong>.</strong></span> <span class='ocrx_word' id='word_1_24' title='bbox 680 525 820 603; x_wconf 85' lang='lat' dir='ltr'>Poffent</span> <span class='ocrx_word' id='word_1_25' title='bbox 844 528 912 603; x_wconf 89' lang='lat' dir='ltr'>hac</span> <span class='ocrx_word' id='word_1_26' title='bbox 936 526 1113 604; x_wconf 78' lang='lat' dir='ltr'>decisaone</span> <span class='ocrx_word' id='word_1_27' title='bbox 1136 552 1212 604; x_wconf 89' lang='lat' dir='ltr'>non</span> <span class='ocrx_word' id='word_1_28' title='bbox 1236 528 1419 623; x_wconf 87' lang='lat' dir='ltr'>obstante,</span> <span class='ocrx_word' id='word_1_29' title='bbox 1458 532 1587 606; x_wconf 83' lang='lat' dir='ltr'>virtute</span> <span class='ocrx_word' id='word_1_30' title='bbox 1608 531 1737 611; x_wconf 66' lang='lat' dir='ltr'>facul</span> 
     </span>
     <span class='ocr_line' id='line_1_5' title="bbox 144 628 1720 729; baseline 0 -18"><span class='ocrx_word' id='word_1_31' title='bbox 144 648 314 711; x_wconf 62' lang='lat' dir='ltr'>...cattam</span> <span class='ocrx_word' id='word_1_32' title='bbox 341 632 599 721; x_wconf 83' lang='lat' dir='ltr'>vicennalium,</span> <span class='ocrx_word' id='word_1_33' title='bbox 623 628 651 703; x_wconf 86' lang='lat' dir='ltr'>st</span> <span class='ocrx_word' id='word_1_34' title='bbox 678 654 742 724; x_wconf 88' lang='lat' dir='ltr'>pro</span> <span class='ocrx_word' id='word_1_35' title='bbox 769 650 926 726; x_wconf 89' lang='lat' dir='ltr'>tempore</span> <span class='ocrx_word' id='word_1_36' title='bbox 952 631 1131 728; x_wconf 88' lang='lat' dir='ltr'>vigerent,</span> <span class='ocrx_word' id='word_1_37' title='bbox 1159 629 1368 706; x_wconf 85' lang='lat' dir='ltr'>miffionarii</span> <span class='ocrx_word' id='word_1_38' title='bbox 1394 632 1432 706; x_wconf 90' lang='lat' dir='ltr'>in</span> <span class='ocrx_word' id='word_1_39' title='bbox 1458 650 1605 729; x_wconf 86' lang='lat' dir='ltr'>utraque</span> <span class='ocrx_word' id='word_1_40' title='bbox 1617 631 1720 711; x_wconf 80' lang='lat' dir='ltr'>india</span> 
     </span>
     <span class='ocr_line' id='line_1_6' title="bbox 165 729 1724 907; baseline 0.002 -100"><span class='ocrx_word' id='word_1_41' title='bbox 165 731 302 835; x_wconf 25' lang='lat' dir='ltr'>‘semel</span> <span class='ocrx_word' id='word_1_42' title='bbox 329 734 509 832; x_wconf 90' lang='lat' dir='ltr'>approbati</span> <span class='ocrx_word' id='word_1_43' title='bbox 537 733 580 804; x_wconf 91' lang='lat' dir='ltr'>ab</span> <span class='ocrx_word' id='word_1_44' title='bbox 619 730 739 828; x_wconf 91' lang='lat' dir='ltr'>aliquo</span> <span class='ocrx_word' id='word_1_45' title='bbox 767 732 909 806; x_wconf 88' lang='lat' dir='ltr'>illarum</span> <span class='ocrx_word' id='word_1_46' title='bbox 946 733 1101 827; x_wconf 90' lang='lat' dir='ltr'>partium</span> <span class='ocrx_word' id='word_1_47' title='bbox 1126 729 1304 907; x_wconf 60' lang='lat' dir='ltr'>Espiscopo</span> <span class='ocrx_word' id='word_1_48' title='bbox 1339 729 1573 809; x_wconf 80' lang='lat' dir='ltr'>confessiones</span> <span class='ocrx_word' id='word_1_49' title='bbox 1602 734 1724 811; x_wconf 86' lang='lat' dir='ltr'>audire</span> 
     </span>
     <span class='ocr_line' id='line_1_7' title="bbox 192 828 1721 934; baseline 0.001 -25"><span class='ocrx_word' id='word_1_50' title='bbox 192 832 321 932; x_wconf 77' lang='lat' dir='ltr'>absque</span> <span class='ocrx_word' id='word_1_51' title='bbox 343 837 490 910; x_wconf 89' lang='lat' dir='ltr'>licentia</span> <span class='ocrx_word' id='word_1_52' title='bbox 516 828 720 908; x_wconf 81' lang='lat' dir='ltr'>Dioecesani</span> <span class='ocrx_word' id='word_1_53' title='bbox 744 836 837 909; x_wconf 86' lang='lat' dir='ltr'>ultra</span> <span class='ocrx_word' id='word_1_54' title='bbox 863 833 951 906; x_wconf 84' lang='lat' dir='ltr'>duas</span> <span class='ocrx_word' id='word_1_55' title='bbox 975 833 1089 909; x_wconf 87' lang='lat' dir='ltr'>dietas</span> <span class='ocrx_word' id='word_1_56' title='bbox 1112 831 1149 907; x_wconf 89' lang='lat' dir='ltr'>di</span> <span class='ocrx_word' id='word_1_57' title='bbox 1180 852 1280 907; x_wconf 85' lang='lat' dir='ltr'>antes</span> <span class='ocrx_word' id='word_1_58' title='bbox 1302 858 1349 910; x_wconf 89' lang='lat' dir='ltr'>eo</span> <span class='ocrx_word' id='word_1_59' title='bbox 1373 836 1506 926; x_wconf 90' lang='lat' dir='ltr'>modo,</span> <span class='ocrx_word' id='word_1_60' title='bbox 1542 859 1613 934; x_wconf 90' lang='lat' dir='ltr'>quo</span> <span class='ocrx_word' id='word_1_61' title='bbox 1638 860 1721 911; x_wconf 88' lang='lat' dir='ltr'>con·</span> 
     </span>
     <span class='ocr_line' id='line_1_8' title="bbox 192 932 1768 1110; baseline 0.004 -99"><span class='ocrx_word' id='word_1_62' title='bbox 192 937 335 1110; x_wconf 43' lang='lat' dir='ltr'>ceddren</span> <span class='ocrx_word' id='word_1_63' title='bbox 368 933 458 1011; x_wconf 88' lang='lat' dir='ltr'>infra</span> <span class='ocrx_word' id='word_1_64' title='bbox 494 932 583 1009; x_wconf 89' lang='lat' dir='ltr'>Ord.</span> <span class='ocrx_word' id='word_1_65' title='bbox 612 956 719 1032; x_wconf 60' lang='lat'>522„</span> <span class='ocrx_word' id='word_1_66' title='bbox 756 934 839 1032; x_wconf 87' lang='lat' dir='ltr'>quia</span> <span class='ocrx_word' id='word_1_67' title='bbox 863 932 1035 1021; x_wconf 78' lang='lat' dir='ltr'>eiusnodi</span> <span class='ocrx_word' id='word_1_68' title='bbox 1068 932 1307 1012; x_wconf 75' lang='lat' dir='ltr'>concessiones</span> <span class='ocrx_word' id='word_1_69' title='bbox 1343 932 1511 1013; x_wconf 73' lang='lat' dir='ltr'>scintilla</span> <span class='ocrx_word' id='word_1_70' title='bbox 1546 933 1723 1017; x_wconf 81' lang='lat' dir='ltr'>decisione</span> <span class='ocrx_word' id='word_1_71' title='bbox 1765 978 1768 985; x_wconf 93' lang='lat'><em>·</em></span> 
     </span>
    </p>

    <p class='ocr_par' dir='ltr' id='par_1_4' title="bbox 224 1058 698 1112">
     <span class='ocr_line' id='line_1_9' title="bbox 224 1058 698 1112; baseline 0 0"><span class='ocrx_word' id='word_1_72' title='bbox 224 1061 249 1112; x_wconf 91' lang='lat' dir='ltr'>o</span> <span class='ocrx_word' id='word_1_73' title='bbox 279 1061 429 1111; x_wconf 84' lang='lat' dir='ltr'>errores.</span> <span class='ocrx_word' id='word_1_74' title='bbox 693 1058 698 1067; x_wconf 89' lang='lat'><em>·</em></span> 
     </span>
    </p>

    <p class='ocr_par' dir='ltr' id='par_1_5' title="bbox 145 1060 1721 1722">
     <span class='ocr_line' id='line_1_10' title="bbox 195 1060 1720 1236; baseline 0.001 -24"><span class='ocrx_word' id='word_1_75' title='bbox 195 1060 339 1227; x_wconf 80' lang='lat' dir='ltr'>p(vt)</span> <span class='ocrx_word' id='word_1_76' title='bbox 361 1134 519 1212; x_wconf 67' lang='lat' dir='ltr'>(aercere</span> <span class='ocrx_word' id='word_1_77' title='bbox 544 1132 746 1235; x_wconf 64' lang='lat' dir='ltr'>dmin.</span> <span class='ocrx_word' id='word_1_78' title='bbox 783 1134 853 1213; x_wconf 88' lang='lat' dir='ltr'>Per</span> <span class='ocrx_word' id='word_1_79' title='bbox 876 1136 1164 1216; x_wconf 83' lang='lat' dir='ltr'>constitutionem</span> <span class='ocrx_word' id='word_1_80' title='bbox 1200 1135 1412 1232; x_wconf 65' lang='lat' dir='ltr'>instaurabis</span> <span class='ocrx_word' id='word_1_81' title='bbox 1445 1138 1613 1236; x_wconf 77' lang='lat' dir='ltr'>Gregorii</span> <span class='ocrx_word' id='word_1_82' title='bbox 1639 1139 1720 1219; x_wconf 80' lang='lat' dir='ltr'>XV.</span> 
     </span>
     <span class='ocr_line' id='line_1_11' title="bbox 189 1238 1721 1339; baseline 0.001 -24"><span class='ocrx_word' id='word_1_83' title='bbox 189 1238 423 1327; x_wconf 72' lang='lat' dir='ltr'>subjiciuntur</span> <span class='ocrx_word' id='word_1_84' title='bbox 449 1241 622 1338; x_wconf 80' lang='lat' dir='ltr'>regulares</span> <span class='ocrx_word' id='word_1_85' title='bbox 647 1239 684 1312; x_wconf 91' lang='lat' dir='ltr'>in</span> <span class='ocrx_word' id='word_1_86' title='bbox 709 1238 773 1330; x_wconf 88' lang='lat' dir='ltr'>iis,</span> <span class='ocrx_word' id='word_1_87' title='bbox 798 1263 874 1339; x_wconf 81' lang='lat' dir='ltr'>quae</span> <span class='ocrx_word' id='word_1_88' title='bbox 900 1241 1101 1318; x_wconf 84' lang='lat' dir='ltr'>animarum</span> <span class='ocrx_word' id='word_1_89' title='bbox 1123 1266 1249 1318; x_wconf 91' lang='lat' dir='ltr'>curam</span> <span class='ocrx_word' id='word_1_90' title='bbox 1272 1247 1307 1318; x_wconf 73' lang='lat' dir='ltr'>du</span> <span class='ocrx_word' id='word_1_91' title='bbox 1331 1239 1636 1316; x_wconf 88' lang='lat' dir='ltr'>sacramentorum</span> <span class='ocrx_word' id='word_1_92' title='bbox 1659 1242 1721 1318; x_wconf 90' lang='lat' dir='ltr'>ad·</span> 
     </span>
     <span class='ocr_line' id='line_1_12' title="bbox 191 1338 1721 1435; baseline -0.001 -16"><span class='ocrx_word' id='word_1_93' title='bbox 191 1338 493 1419; x_wconf 80' lang='lat' dir='ltr'>ministrationem</span> <span class='ocrx_word' id='word_1_94' title='bbox 519 1360 758 1435; x_wconf 84' lang='lat' dir='ltr'>concernunt,</span> <span class='ocrx_word' id='word_1_95' title='bbox 784 1342 1001 1416; x_wconf 84' lang='lat' dir='ltr'>omnimodae</span> <span class='ocrx_word' id='word_1_96' title='bbox 1023 1342 1274 1434; x_wconf 77' lang='lat' dir='ltr'>iurisdidiioni,</span> <span class='ocrx_word' id='word_1_97' title='bbox 1299 1339 1518 1434; x_wconf 73' lang='lat' dir='ltr'>visitationi,</span> <span class='ocrx_word' id='word_1_98' title='bbox 1545 1347 1581 1420; x_wconf 84' lang='lat' dir='ltr'>dt</span> <span class='ocrx_word' id='word_1_99' title='bbox 1606 1366 1721 1417; x_wconf 86' lang='lat' dir='ltr'>corre·</span> 
     </span>
     <span class='ocr_line' id='line_1_13' title="bbox 188 1439 1721 1541; baseline 0.004 -22"><span class='ocrx_word' id='word_1_100' title='bbox 188 1443 302 1519; x_wconf 72' lang='lat' dir='ltr'>diioui</span> <span class='ocrx_word' id='word_1_101' title='bbox 327 1440 490 1541; x_wconf 77' lang='lat' dir='ltr'>Episcopi</span> <span class='ocrx_word' id='word_1_102' title='bbox 516 1439 741 1517; x_wconf 82' lang='lat' dir='ltr'>Dioeccsani.</span> <span class='ocrx_word' id='word_1_103' title='bbox 767 1439 875 1520; x_wconf 90' lang='lat' dir='ltr'>Unde</span> <span class='ocrx_word' id='word_1_104' title='bbox 901 1444 938 1517; x_wconf 92' lang='lat' dir='ltr'>in</span> <span class='ocrx_word' id='word_1_105' title='bbox 962 1441 1010 1519; x_wconf 87' lang='lat' dir='ltr'>fic</span> <span class='ocrx_word' id='word_1_106' title='bbox 1036 1443 1326 1520; x_wconf 83' lang='lat' dir='ltr'>concernentibus</span> <span class='ocrx_word' id='word_1_107' title='bbox 1350 1466 1426 1517; x_wconf 92' lang='lat' dir='ltr'>non</span> <span class='ocrx_word' id='word_1_108' title='bbox 1449 1440 1498 1517; x_wconf 86' lang='lat' dir='ltr'>est</span> <span class='ocrx_word' id='word_1_109' title='bbox 1533 1441 1682 1519; x_wconf 88' lang='lat' dir='ltr'>dubium</span> <span class='ocrx_word' id='word_1_110' title='bbox 1707 1498 1721 1525; x_wconf 87' lang='lat'><strong>.</strong></span> 
     </span>
     <span class='ocr_line' id='line_1_14' title="bbox 145 1540 1716 1644; baseline 0.001 -26"><span class='ocrx_word' id='word_1_111' title='bbox 145 1560 150 1581; x_wconf 74' lang='lat'>²</span> <span class='ocrx_word' id='word_1_112' title='bbox 192 1541 310 1619; x_wconf 65' lang='lat' dir='ltr'>fiante</span> <span class='ocrx_word' id='word_1_113' title='bbox 336 1546 398 1619; x_wconf 90' lang='lat' dir='ltr'>illa</span> <span class='ocrx_word' id='word_1_114' title='bbox 424 1540 700 1635; x_wconf 74' lang='lat' dir='ltr'>constitutione,</span> <span class='ocrx_word' id='word_1_115' title='bbox 726 1546 811 1641; x_wconf 90' lang='lat' dir='ltr'>quin</span> <span class='ocrx_word' id='word_1_116' title='bbox 833 1543 963 1644; x_wconf 79' lang='lat' dir='ltr'>poffint</span> <span class='ocrx_word' id='word_1_117' title='bbox 986 1543 1163 1643; x_wconf 80' lang='lat' dir='ltr'>regulares</span> <span class='ocrx_word' id='word_1_118' title='bbox 1195 1548 1306 1622; x_wconf 78' lang='lat' dir='ltr'>etlam</span> <span class='ocrx_word' id='word_1_119' title='bbox 1324 1569 1392 1642; x_wconf 60' lang='lat' dir='ltr'>‚per</span> <span class='ocrx_word' id='word_1_120' title='bbox 1426 1541 1590 1622; x_wconf 87' lang='lat' dir='ltr'>censuras</span> <span class='ocrx_word' id='word_1_121' title='bbox 1614 1545 1716 1625; x_wconf 81' lang='lat' dir='ltr'>ce’e&#39;r-</span> 
     </span>
     <span class='ocr_line' id='line_1_15' title="bbox 191 1669 295 1722; baseline -0.019 -1"><span class='ocrx_word' id='word_1_122' title='bbox 191 1669 295 1722; x_wconf 82' lang='lat' dir='ltr'>cerr.</span> 
     </span>
    </p>

    <p class='ocr_par' dir='ltr' id='par_1_6' title="bbox 149 1745 1767 3163">
     <span class='ocr_line' id='line_1_16' title="bbox 303 1745 1721 1854; baseline 0.001 -30"><span class='ocrx_word' id='word_1_123' title='bbox 303 1745 363 1824; x_wconf 74' lang='lat' dir='ltr'>dn</span> <span class='ocrx_word' id='word_1_124' title='bbox 389 1746 472 1824; x_wconf 82' lang='lat' dir='ltr'>verb</span> <span class='ocrx_word' id='word_1_125' title='bbox 493 1746 623 1848; x_wconf 84' lang='lat' dir='ltr'>poflint</span> <span class='ocrx_word' id='word_1_126' title='bbox 647 1746 686 1823; x_wconf 93' lang='lat' dir='ltr'>in</span> <span class='ocrx_word' id='word_1_127' title='bbox 712 1750 812 1825; x_wconf 89' lang='lat' dir='ltr'>omni</span> <span class='ocrx_word' id='word_1_128' title='bbox 849 1751 921 1828; x_wconf 87' lang='lat' dir='ltr'>alio</span> <span class='ocrx_word' id='word_1_129' title='bbox 946 1747 1029 1828; x_wconf 90' lang='lat' dir='ltr'>casu</span> <span class='ocrx_word' id='word_1_130' title='bbox 1062 1776 1135 1854; x_wconf 86' lang='lat' dir='ltr'>quo</span> <span class='ocrx_word' id='word_1_131' title='bbox 1158 1748 1354 1830; x_wconf 81' lang='lat' dir='ltr'>Ordinatio</span> <span class='ocrx_word' id='word_1_132' title='bbox 1389 1747 1642 1842; x_wconf 87' lang='lat' dir='ltr'>snbjiciuntur,</span> <span class='ocrx_word' id='word_1_133' title='bbox 1668 1770 1721 1826; x_wconf 82' lang='lat' dir='ltr'>ec·</span> 
     </span>
     <span class='ocr_line' id='line_1_17' title="bbox 192 1846 1720 1951; baseline -0.001 -25"><span class='ocrx_word' id='word_1_134' title='bbox 192 1848 300 1926; x_wconf 75' lang='lat' dir='ltr'>iamsi</span> <span class='ocrx_word' id='word_1_135' title='bbox 324 1849 530 1927; x_wconf 81' lang='lat' dir='ltr'>censurandi</span> <span class='ocrx_word' id='word_1_136' title='bbox 556 1846 709 1948; x_wconf 86' lang='lat' dir='ltr'>potestas</span> <span class='ocrx_word' id='word_1_137' title='bbox 733 1874 799 1926; x_wconf 91' lang='lat' dir='ltr'>nec</span> <span class='ocrx_word' id='word_1_138' title='bbox 824 1853 862 1926; x_wconf 89' lang='lat' dir='ltr'>in</span> <span class='ocrx_word' id='word_1_139' title='bbox 894 1850 931 1927; x_wconf 91' lang='lat' dir='ltr'>se</span> <span class='ocrx_word' id='word_1_140' title='bbox 956 1855 1134 1951; x_wconf 73' lang='lat' dir='ltr'>expresse,</span> <span class='ocrx_word' id='word_1_141' title='bbox 1170 1856 1300 1932; x_wconf 88' lang='lat' dir='ltr'>necin</span> <span class='ocrx_word' id='word_1_142' title='bbox 1331 1851 1549 1930; x_wconf 82' lang='lat' dir='ltr'>omnimodae</span> <span class='ocrx_word' id='word_1_143' title='bbox 1583 1849 1720 1940; x_wconf 83' lang='lat' dir='ltr'>jurisdi-</span> 
     </span>
     <span class='ocr_line' id='line_1_18' title="bbox 149 1948 1718 2056; baseline -0.004 -26"><span class='ocrx_word' id='word_1_144' title='bbox 149 2004 152 2009; x_wconf 94' lang='lat'>-</span> <span class='ocrx_word' id='word_1_145' title='bbox 186 1954 320 2030; x_wconf 64' lang='lat' dir='ltr'>ettonis</span> <span class='ocrx_word' id='word_1_146' title='bbox 343 1955 512 2029; x_wconf 80' lang='lat' dir='ltr'>exercitio</span> <span class='ocrx_word' id='word_1_147' title='bbox 537 1948 781 2046; x_wconf 77' lang='lat' dir='ltr'>sigrsificetur,</span> <span class='ocrx_word' id='word_1_148' title='bbox 818 1953 966 2029; x_wconf 85' lang='lat' dir='ltr'>dubium</span> <span class='ocrx_word' id='word_1_149' title='bbox 991 1954 1041 2029; x_wconf 91' lang='lat' dir='ltr'>est</span> <span class='ocrx_word' id='word_1_150' title='bbox 1074 1959 1113 2032; x_wconf 89' lang='lat' dir='ltr'>in</span> <span class='ocrx_word' id='word_1_151' title='bbox 1139 1982 1211 2056; x_wconf 88' lang='lat' dir='ltr'>quo</span> <span class='ocrx_word' id='word_1_152' title='bbox 1237 1952 1391 2031; x_wconf 80' lang='lat' dir='ltr'>affirmat</span> <span class='ocrx_word' id='word_1_153' title='bbox 1428 1949 1582 2028; x_wconf 89' lang='lat' dir='ltr'>Barbosa</span> <span class='ocrx_word' id='word_1_154' title='bbox 1608 1956 1718 2042; x_wconf 55' lang='grc' dir='ltr'>(ως</span> 
     </span>
     <span class='ocr_line' id='line_1_19' title="bbox 191 2051 1717 2153; baseline -0.003 -24"><span class='ocrx_word' id='word_1_155' title='bbox 191 2056 335 2129; x_wconf 79' lang='lat' dir='ltr'>nuttam</span> <span class='ocrx_word' id='word_1_156' title='bbox 360 2075 483 2131; x_wconf 89' lang='lat' dir='ltr'>tamen</span> <span class='ocrx_word' id='word_1_157' title='bbox 506 2056 687 2129; x_wconf 79' lang='lat' dir='ltr'>rationem</span> <span class='ocrx_word' id='word_1_158' title='bbox 712 2054 866 2153; x_wconf 81' lang='lat' dir='ltr'>allegat,</span> <span class='ocrx_word' id='word_1_159' title='bbox 892 2056 1034 2131; x_wconf 89' lang='lat' dir='ltr'>nullum</span> <span class='ocrx_word' id='word_1_160' title='bbox 1055 2056 1131 2148; x_wconf 83' lang='lat' dir='ltr'>jus.</span> <span class='ocrx_word' id='word_1_161' title='bbox 1157 2057 1309 2136; x_wconf 78' lang='lat' dir='ltr'>salcedo</span> <span class='ocrx_word' id='word_1_162' title='bbox 1334 2056 1372 2129; x_wconf 93' lang='lat' dir='ltr'>in</span> <span class='ocrx_word' id='word_1_163' title='bbox 1399 2052 1649 2129; x_wconf 84' lang='lat' dir='ltr'>Additionibus</span> <span class='ocrx_word' id='word_1_164' title='bbox 1672 2051 1717 2126; x_wconf 91' lang='lat' dir='ltr'>ad</span> 
     </span>
     <span class='ocr_line' id='line_1_20' title="bbox 189 2152 1718 2257; baseline -0.002 -27"><span class='ocrx_word' id='word_1_165' title='bbox 189 2158 334 2255; x_wconf 78' lang='lat' dir='ltr'>praxim</span> <span class='ocrx_word' id='word_1_166' title='bbox 360 2153 529 2231; x_wconf 88' lang='lat' dir='ltr'>Bemardi</span> <span class='ocrx_word' id='word_1_167' title='bbox 555 2152 651 2228; x_wconf 88' lang='lat' dir='ltr'>Diaz</span> <span class='ocrx_word' id='word_1_168' title='bbox 671 2152 748 2244; x_wconf 86' lang='lat' dir='ltr'>(b&#39;)</span> <span class='ocrx_word' id='word_1_169' title='bbox 774 2158 886 2231; x_wconf 89' lang='lat' dir='ltr'>etiam</span> <span class='ocrx_word' id='word_1_170' title='bbox 912 2155 1089 2235; x_wconf 87' lang='lat' dir='ltr'>affirmat.</span> <span class='ocrx_word' id='word_1_171' title='bbox 1127 2183 1161 2236; x_wconf 83' lang='lat' dir='ltr'>r.</span> <span class='ocrx_word' id='word_1_172' title='bbox 1186 2156 1284 2257; x_wconf 72' lang='lat' dir='ltr'>Quia</span> <span class='ocrx_word' id='word_1_173' title='bbox 1308 2152 1499 2255; x_wconf 82' lang='lat' dir='ltr'>Episcopus</span> <span class='ocrx_word' id='word_1_174' title='bbox 1533 2153 1642 2228; x_wconf 86' lang='lat' dir='ltr'>habet</span> <span class='ocrx_word' id='word_1_175' title='bbox 1666 2153 1718 2241; x_wconf 87' lang='lat' dir='ltr'>ju·</span> 
     </span>
     <span class='ocr_line' id='line_1_21' title="bbox 187 2251 1720 2356; baseline -0.001 -25"><span class='ocrx_word' id='word_1_176' title='bbox 187 2252 435 2331; x_wconf 71' lang='lat' dir='ltr'>uisdidtionem</span> <span class='ocrx_word' id='word_1_177' title='bbox 459 2251 528 2328; x_wconf 87' lang='lat' dir='ltr'>foci</span> <span class='ocrx_word' id='word_1_178' title='bbox 551 2254 691 2327; x_wconf 60' lang='lat' dir='ltr'>aterni</span> <span class='ocrx_word' id='word_1_179' title='bbox 717 2256 850 2328; x_wconf 91' lang='lat' dir='ltr'>inillis</span> <span class='ocrx_word' id='word_1_180' title='bbox 885 2253 1047 2332; x_wconf 76' lang='lat' dir='ltr'>casibus.</span> <span class='ocrx_word' id='word_1_181' title='bbox 1084 2260 1134 2335; x_wconf 82' lang='lat' dir='ltr'>At</span> <span class='ocrx_word' id='word_1_182' title='bbox 1159 2262 1221 2356; x_wconf 89' lang='lat' dir='ltr'>qui</span> <span class='ocrx_word' id='word_1_183' title='bbox 1245 2256 1314 2333; x_wconf 89' lang='lat' dir='ltr'>fori</span> <span class='ocrx_word' id='word_1_184' title='bbox 1343 2259 1480 2333; x_wconf 84' lang='lat' dir='ltr'>externi</span> <span class='ocrx_word' id='word_1_185' title='bbox 1508 2255 1720 2343; x_wconf 70' lang='lat' dir='ltr'>¹iurisdibiio·</span> 
     </span>
     <span class='ocr_line' id='line_1_22' title="bbox 190 2348 1721 2448; baseline 0 -19"><span class='ocrx_word' id='word_1_186' title='bbox 190 2381 282 2430; x_wconf 81' lang='lat' dir='ltr'>nem</span> <span class='ocrx_word' id='word_1_187' title='bbox 306 2354 436 2446; x_wconf 88' lang='lat' dir='ltr'>habet,</span> <span class='ocrx_word' id='word_1_188' title='bbox 460 2352 569 2429; x_wconf 89' lang='lat' dir='ltr'>habet</span> <span class='ocrx_word' id='word_1_189' title='bbox 595 2352 717 2448; x_wconf 88' lang='lat' dir='ltr'>utique</span> <span class='ocrx_word' id='word_1_190' title='bbox 742 2348 953 2429; x_wconf 85' lang='lat' dir='ltr'>facultatem</span> <span class='ocrx_word' id='word_1_191' title='bbox 988 2355 1147 2432; x_wconf 87' lang='lat' dir='ltr'>censuras</span> <span class='ocrx_word' id='word_1_192' title='bbox 1170 2354 1329 2447; x_wconf 85' lang='lat' dir='ltr'>serendi,</span> <span class='ocrx_word' id='word_1_193' title='bbox 1367 2357 1472 2431; x_wconf 87' lang='lat' dir='ltr'>utin</span> <span class='ocrx_word' id='word_1_194' title='bbox 1496 2356 1649 2430; x_wconf 78' lang='lat' dir='ltr'>traslatn</span> <span class='ocrx_word' id='word_1_195' title='bbox 1674 2355 1721 2429; x_wconf 85' lang='lat' dir='ltr'>de</span> 
     </span>
     <span class='ocr_line' id='line_1_23' title="bbox 191 2452 1767 2555; baseline -0.002 -24"><span class='ocrx_word' id='word_1_196' title='bbox 191 2452 365 2531; x_wconf 74' lang='lat' dir='ltr'>Censoris</span> <span class='ocrx_word' id='word_1_197' title='bbox 391 2455 535 2532; x_wconf 83' lang='lat' dir='ltr'>tradunt</span> <span class='ocrx_word' id='word_1_198' title='bbox 560 2452 801 2530; x_wconf 84' lang='lat' dir='ltr'>communiter</span> <span class='ocrx_word' id='word_1_199' title='bbox 822 2454 1018 2532; x_wconf 69' lang='lat' dir='ltr'>Doctores.</span> <span class='ocrx_word' id='word_1_200' title='bbox 1052 2481 1087 2533; x_wconf 87' lang='lat'>2.</span> <span class='ocrx_word' id='word_1_201' title='bbox 1112 2454 1211 2555; x_wconf 72' lang='lat' dir='ltr'>Quia</span> <span class='ocrx_word' id='word_1_202' title='bbox 1237 2457 1324 2531; x_wconf 85' lang='lat' dir='ltr'>alias</span> <span class='ocrx_word' id='word_1_203' title='bbox 1348 2452 1431 2533; x_wconf 66' lang='lat' dir='ltr'>elstt</span> <span class='ocrx_word' id='word_1_204' title='bbox 1448 2456 1590 2530; x_wconf 85' lang='lat' dir='ltr'>inutilis</span> <span class='ocrx_word' id='word_1_205' title='bbox 1615 2452 1721 2544; x_wconf 68' lang='lat' dir='ltr'>iuris·</span> <span class='ocrx_word' id='word_1_206' title='bbox 1765 2512 1767 2516; x_wconf 25' lang='lat'><em>⁷</em></span> 
     </span>
     <span class='ocr_line' id='line_1_24' title="bbox 185 2554 1720 2659; baseline 0.001 -28"><span class='ocrx_word' id='word_1_207' title='bbox 185 2558 301 2631; x_wconf 75' lang='lat' dir='ltr'>dictio</span> <span class='ocrx_word' id='word_1_208' title='bbox 325 2556 490 2655; x_wconf 87' lang='lat' dir='ltr'>Episcopi</span> <span class='ocrx_word' id='word_1_209' title='bbox 515 2557 560 2633; x_wconf 86' lang='lat' dir='ltr'>ad</span> <span class='ocrx_word' id='word_1_210' title='bbox 582 2557 847 2652; x_wconf 84' lang='lat' dir='ltr'>compellendos</span> <span class='ocrx_word' id='word_1_211' title='bbox 870 2575 1074 2659; x_wconf 80' lang='lat' dir='ltr'>exemptos,</span> <span class='ocrx_word' id='word_1_212' title='bbox 1100 2558 1128 2634; x_wconf 84' lang='lat' dir='ltr'>sr</span> <span class='ocrx_word' id='word_1_213' title='bbox 1151 2555 1389 2636; x_wconf 79' lang='lat' dir='ltr'>ecclesiasticis</span> <span class='ocrx_word' id='word_1_214' title='bbox 1413 2556 1521 2634; x_wconf 88' lang='lat' dir='ltr'>armis</span> <span class='ocrx_word' id='word_1_215' title='bbox 1553 2554 1720 2633; x_wconf 82' lang='lat' dir='ltr'>destitue-</span> 
     </span>
     <span class='ocr_line' id='line_1_25' title="bbox 188 2655 1720 2759; baseline -0.001 -24"><span class='ocrx_word' id='word_1_216' title='bbox 188 2680 312 2735; x_wconf 75' lang='lat' dir='ltr'>reuar.</span> <span class='ocrx_word' id='word_1_217' title='bbox 340 2679 376 2753; x_wconf 89' lang='lat'>3.</span> <span class='ocrx_word' id='word_1_218' title='bbox 402 2655 498 2754; x_wconf 74' lang='lat' dir='ltr'>Quia</span> <span class='ocrx_word' id='word_1_219' title='bbox 523 2655 757 2748; x_wconf 75' lang='lat' dir='ltr'>jurisdictione</span> <span class='ocrx_word' id='word_1_220' title='bbox 782 2657 941 2736; x_wconf 77' lang='lat' dir='ltr'>concessa</span> <span class='ocrx_word' id='word_1_221' title='bbox 966 2684 1009 2738; x_wconf 85' lang='lat' dir='ltr'>ea</span> <span class='ocrx_word' id='word_1_222' title='bbox 1035 2658 1138 2738; x_wconf 83' lang='lat' dir='ltr'>sunul</span> <span class='ocrx_word' id='word_1_223' title='bbox 1161 2655 1323 2738; x_wconf 85' lang='lat' dir='ltr'>concessa</span> <span class='ocrx_word' id='word_1_224' title='bbox 1347 2660 1618 2759; x_wconf 69' lang='lat' dir='ltr'>intelligemur,</span> <span class='ocrx_word' id='word_1_225' title='bbox 1644 2655 1720 2735; x_wconf 83' lang='lat' dir='ltr'>fine</span> 
     </span>
     <span class='ocr_line' id='line_1_26' title="bbox 182 2757 1722 2862; baseline -0.002 -26"><span class='ocrx_word' id='word_1_226' title='bbox 182 2761 321 2858; x_wconf 65' lang='lat' dir='ltr'>nasibus</span> <span class='ocrx_word' id='word_1_227' title='bbox 345 2762 498 2837; x_wconf 84' lang='lat' dir='ltr'>exerceri</span> <span class='ocrx_word' id='word_1_228' title='bbox 522 2760 668 2858; x_wconf 88' lang='lat' dir='ltr'>nequit,</span> <span class='ocrx_word' id='word_1_229' title='bbox 693 2784 738 2836; x_wconf 83' lang='lat' dir='ltr'>ex</span> <span class='ocrx_word' id='word_1_230' title='bbox 760 2763 786 2836; x_wconf 84' lang='lat' dir='ltr'>l.</span> <span class='ocrx_word' id='word_1_231' title='bbox 816 2787 852 2837; x_wconf 88' lang='lat'>2.</span> <span class='ocrx_word' id='word_1_232' title='bbox 873 2762 916 2851; x_wconf 83' lang='lat' dir='ltr'>ff.</span> <span class='ocrx_word' id='word_1_233' title='bbox 943 2767 996 2836; x_wconf 83' lang='lat' dir='ltr'>De</span> <span class='ocrx_word' id='word_1_234' title='bbox 1016 2763 1137 2862; x_wconf 77' lang='lat' dir='ltr'>jurisd.</span> <span class='ocrx_word' id='word_1_235' title='bbox 1164 2790 1249 2841; x_wconf 85' lang='lat' dir='ltr'>omn.</span> <span class='ocrx_word' id='word_1_236' title='bbox 1270 2761 1370 2861; x_wconf 68' lang='lat' dir='ltr'>jud:</span> <span class='ocrx_word' id='word_1_237' title='bbox 1408 2784 1452 2837; x_wconf 84' lang='lat' dir='ltr'>ex</span> <span class='ocrx_word' id='word_1_238' title='bbox 1475 2786 1545 2861; x_wconf 83' lang='lat' dir='ltr'>cap.</span> <span class='ocrx_word' id='word_1_239' title='bbox 1572 2757 1722 2849; x_wconf 64' lang='lat' dir='ltr'>Pastoru-</span> 
     </span>
     <span class='ocr_line' id='line_1_27' title="bbox 189 2860 1721 2964; baseline 0.001 -26"><span class='ocrx_word' id='word_1_240' title='bbox 189 2866 260 2955; x_wconf 74' lang='lat' dir='ltr'>sir,</span> <span class='ocrx_word' id='word_1_241' title='bbox 286 2860 324 2941; x_wconf 54' lang='lat' dir='ltr'>ss</span> <span class='ocrx_word' id='word_1_242' title='bbox 349 2887 420 2961; x_wconf 83' lang='lat' dir='ltr'>cap.</span> <span class='ocrx_word' id='word_1_243' title='bbox 446 2870 635 2952; x_wconf 63' lang='lat' dir='ltr'>Praeterea,</span> <span class='ocrx_word' id='word_1_244' title='bbox 661 2867 713 2935; x_wconf 86' lang='lat' dir='ltr'>De</span> <span class='ocrx_word' id='word_1_245' title='bbox 737 2862 792 2951; x_wconf 75' lang='lat' dir='ltr'>off.</span> <span class='ocrx_word' id='word_1_246' title='bbox 818 2864 929 2964; x_wconf 77' lang='lat' dir='ltr'>Delcg.</span> <span class='ocrx_word' id='word_1_247' title='bbox 957 2861 1000 2938; x_wconf 91' lang='lat' dir='ltr'>Id</span> <span class='ocrx_word' id='word_1_248' title='bbox 1026 2886 1148 2943; x_wconf 88' lang='lat' dir='ltr'>autem</span> <span class='ocrx_word' id='word_1_249' title='bbox 1171 2862 1346 2941; x_wconf 70' lang='lat' dir='ltr'>subsistere</span> <span class='ocrx_word' id='word_1_250' title='bbox 1369 2889 1447 2939; x_wconf 84' lang='lat' dir='ltr'>non</span> <span class='ocrx_word' id='word_1_251' title='bbox 1472 2860 1587 2963; x_wconf 87' lang='lat' dir='ltr'>posse,</span> <span class='ocrx_word' id='word_1_252' title='bbox 1615 2878 1721 2958; x_wconf 73' lang='lat' dir='ltr'>putat</span> 
     </span>
     <span class='ocr_line' id='line_1_28' title="bbox 186 2960 1719 3064; baseline 0 -28"><span class='ocrx_word' id='word_1_253' title='bbox 186 2966 310 3038; x_wconf 75' lang='lat' dir='ltr'>etiam</span> <span class='ocrx_word' id='word_1_254' title='bbox 338 2960 532 3039; x_wconf 85' lang='lat' dir='ltr'>Lcureuius</span> <span class='ocrx_word' id='word_1_255' title='bbox 556 2966 632 3053; x_wconf 79' lang='lat' dir='ltr'>(c),</span> <span class='ocrx_word' id='word_1_256' title='bbox 657 2960 685 3036; x_wconf 85' lang='lat' dir='ltr'>fi</span> <span class='ocrx_word' id='word_1_257' title='bbox 711 2960 871 3038; x_wconf 84' lang='lat' dir='ltr'>censuras</span> <span class='ocrx_word' id='word_1_258' title='bbox 895 2987 1071 3061; x_wconf 86' lang='lat' dir='ltr'>nequeant</span> <span class='ocrx_word' id='word_1_259' title='bbox 1095 2965 1258 3064; x_wconf 88' lang='lat' dir='ltr'>Episcopi</span> <span class='ocrx_word' id='word_1_260' title='bbox 1282 2962 1374 3042; x_wconf 88' lang='lat' dir='ltr'>serre</span> <span class='ocrx_word' id='word_1_261' title='bbox 1399 2964 1437 3038; x_wconf 93' lang='lat' dir='ltr'>in</span> <span class='ocrx_word' id='word_1_262' title='bbox 1470 2965 1542 3038; x_wconf 87' lang='lat' dir='ltr'>illis</span> <span class='ocrx_word' id='word_1_263' title='bbox 1563 2962 1719 3038; x_wconf 75' lang='lat' dir='ltr'>casabus.</span> 
     </span>
     <span class='ocr_line' id='line_1_29' title="bbox 298 3061 1721 3163; baseline 0.001 -25"><span class='ocrx_word' id='word_1_264' title='bbox 298 3061 535 3139; x_wconf 87' lang='lat' dir='ltr'>Contrarium</span> <span class='ocrx_word' id='word_1_265' title='bbox 567 3070 667 3137; x_wconf 84' lang='lat' dir='ltr'>tene&#39;t</span> <span class='ocrx_word' id='word_1_266' title='bbox 702 3061 742 3136; x_wconf 85' lang='lat' dir='ltr'>P.</span> <span class='ocrx_word' id='word_1_267' title='bbox 768 3063 926 3139; x_wconf 87' lang='lat' dir='ltr'>Sanchez</span> <span class='ocrx_word' id='word_1_268' title='bbox 951 3066 1043 3158; x_wconf 82' lang='lat' dir='ltr'>(d),</span> <span class='ocrx_word' id='word_1_269' title='bbox 1066 3063 1096 3141; x_wconf 79' lang='lat' dir='ltr'>su</span> <span class='ocrx_word' id='word_1_270' title='bbox 1120 3066 1276 3163; x_wconf 84' lang='lat' dir='ltr'>exempti</span> <span class='ocrx_word' id='word_1_271' title='bbox 1296 3062 1465 3138; x_wconf 73' lang='lat' dir='ltr'>‘habeant</span> <span class='ocrx_word' id='word_1_272' title='bbox 1496 3064 1721 3161; x_wconf 76' lang='lat' dir='ltr'>privilegium</span> 
     </span>
    </p>

    <p class='ocr_par' dir='ltr' id='par_1_7' title="bbox 186 3160 1791 4481">
     <span class='ocr_line' id='line_1_30' title="bbox 187 3160 1791 3262; baseline 0.001 -23"><span class='ocrx_word' id='word_1_273' title='bbox 187 3188 244 3239; x_wconf 79' lang='lat' dir='ltr'>ure</span> <span class='ocrx_word' id='word_1_274' title='bbox 272 3163 423 3241; x_wconf 87' lang='lat' dir='ltr'>censuris</span> <span class='ocrx_word' id='word_1_275' title='bbox 448 3162 543 3239; x_wconf 88' lang='lat' dir='ltr'>feriri</span> <span class='ocrx_word' id='word_1_276' title='bbox 571 3163 722 3262; x_wconf 73' lang='lat' dir='ltr'>possint,</span> <span class='ocrx_word' id='word_1_277' title='bbox 747 3167 850 3260; x_wconf 89' lang='lat' dir='ltr'>quale</span> <span class='ocrx_word' id='word_1_278' title='bbox 874 3163 1007 3242; x_wconf 84' lang='lat' dir='ltr'>habent</span> <span class='ocrx_word' id='word_1_279' title='bbox 1031 3164 1271 3243; x_wconf 85' lang='lat' dir='ltr'>mendicantes</span> <span class='ocrx_word' id='word_1_280' title='bbox 1288 3186 1435 3239; x_wconf 68' lang='lat' dir='ltr'>omum.</span> <span class='ocrx_word' id='word_1_281' title='bbox 1462 3160 1626 3237; x_wconf 88' lang='lat' dir='ltr'>Eandem</span> <span class='ocrx_word' id='word_1_282' title='bbox 1643 3164 1721 3239; x_wconf 91' lang='lat' dir='ltr'>sen-</span> <span class='ocrx_word' id='word_1_283' title='bbox 1788 3236 1791 3241; x_wconf 90' lang='lat'>.</span> 
     </span>
     <span class='ocr_line' id='line_1_31' title="bbox 196 3263 1722 3364; baseline -0.002 -20"><span class='ocrx_word' id='word_1_284' title='bbox 196 3270 351 3344; x_wconf 81' lang='lat' dir='ltr'>rentiam</span> <span class='ocrx_word' id='word_1_285' title='bbox 379 3287 475 3343; x_wconf 88' lang='lat' dir='ltr'>tenet</span> <span class='ocrx_word' id='word_1_286' title='bbox 500 3267 696 3344; x_wconf 85' lang='lat' dir='ltr'>Rodericus</span> <span class='ocrx_word' id='word_1_287' title='bbox 721 3268 791 3355; x_wconf 90' lang='lat' dir='ltr'>(e)</span> <span class='ocrx_word' id='word_1_288' title='bbox 827 3290 871 3340; x_wconf 87' lang='lat' dir='ltr'>ex</span> <span class='ocrx_word' id='word_1_289' title='bbox 896 3289 965 3364; x_wconf 85' lang='lat' dir='ltr'>cap.</span> <span class='ocrx_word' id='word_1_290' title='bbox 996 3290 1027 3342; x_wconf 87' lang='lat' dir='ltr'>r..</span> <span class='ocrx_word' id='word_1_291' title='bbox 1053 3275 1106 3344; x_wconf 86' lang='lat' dir='ltr'>De</span> <span class='ocrx_word' id='word_1_292' title='bbox 1128 3268 1255 3345; x_wconf 82' lang='lat' dir='ltr'>Privil.</span> <span class='ocrx_word' id='word_1_293' title='bbox 1282 3268 1320 3342; x_wconf 90' lang='lat' dir='ltr'>in</span> <span class='ocrx_word' id='word_1_294' title='bbox 1345 3271 1390 3342; x_wconf 88' lang='lat'>-6.</span> <span class='ocrx_word' id='word_1_295' title='bbox 1408 3263 1483 3339; x_wconf 76' lang='lat' dir='ltr'>ibi:</span> <span class='ocrx_word' id='word_1_296' title='bbox 1520 3270 1634 3339; x_wconf 62' lang='lat' dir='ltr'>ineos</span> <span class='ocrx_word' id='word_1_297' title='bbox 1656 3288 1722 3341; x_wconf 79' lang='lat' dir='ltr'>au-</span> 
     </span>
     <span class='ocr_line' id='line_1_32' title="bbox 192 3363 1720 3467; baseline 0 -24"><span class='ocrx_word' id='word_1_298' title='bbox 192 3388 272 3443; x_wconf 78' lang='lat' dir='ltr'>rem</span> <span class='ocrx_word' id='word_1_299' title='bbox 297 3369 421 3466; x_wconf 86' lang='lat' dir='ltr'>quibus</span> <span class='ocrx_word' id='word_1_300' title='bbox 444 3391 492 3442; x_wconf 87' lang='lat' dir='ltr'>ne</span> <span class='ocrx_word' id='word_1_301' title='bbox 529 3367 713 3458; x_wconf 86' lang='lat' dir='ltr'>interdici,</span> <span class='ocrx_word' id='word_1_302' title='bbox 749 3363 932 3466; x_wconf 85' lang='lat' dir='ltr'>suspendi,</span> <span class='ocrx_word' id='word_1_303' title='bbox 955 3390 1021 3443; x_wconf 88' lang='lat' dir='ltr'>aut</span> <span class='ocrx_word' id='word_1_304' title='bbox 1053 3369 1360 3446; x_wconf 85' lang='lat' dir='ltr'>excommunicari</span> <span class='ocrx_word' id='word_1_305' title='bbox 1397 3391 1418 3441; x_wconf 88' lang='lat' dir='ltr'>a</span> <span class='ocrx_word' id='word_1_306' title='bbox 1444 3391 1624 3467; x_wconf 85' lang='lat' dir='ltr'>quoquam</span> <span class='ocrx_word' id='word_1_307' title='bbox 1660 3390 1720 3442; x_wconf 84' lang='lat' dir='ltr'>va·</span> 
     </span>
     <span class='ocr_line' id='line_1_33' title="bbox 191 3465 1719 3569; baseline 0 -25"><span class='ocrx_word' id='word_1_308' title='bbox 191 3471 319 3562; x_wconf 83' lang='lat' dir='ltr'>leant,</span> <span class='ocrx_word' id='word_1_309' title='bbox 340 3471 366 3543; x_wconf 71' lang='lat' dir='ltr'>a</span> <span class='ocrx_word' id='word_1_310' title='bbox 391 3469 483 3544; x_wconf 90' lang='lat' dir='ltr'>Sede</span> <span class='ocrx_word' id='word_1_311' title='bbox 510 3466 713 3567; x_wconf 75' lang='lat' dir='ltr'>apostolica</span> <span class='ocrx_word' id='word_1_312' title='bbox 739 3465 788 3541; x_wconf 88' lang='lat' dir='ltr'>cll</span> <span class='ocrx_word' id='word_1_313' title='bbox 815 3470 1018 3562; x_wconf 89' lang='lat' dir='ltr'>indultum,</span> <span class='ocrx_word' id='word_1_314' title='bbox 1045 3469 1132 3548; x_wconf 82' lang='lat' dir='ltr'>ssurt</span> <span class='ocrx_word' id='word_1_315' title='bbox 1153 3470 1238 3548; x_wconf 89' lang='lat' dir='ltr'>sunt</span> <span class='ocrx_word' id='word_1_316' title='bbox 1262 3466 1414 3568; x_wconf 76' lang='lat' dir='ltr'>religiosi</span> <span class='ocrx_word' id='word_1_317' title='bbox 1439 3494 1548 3567; x_wconf 87' lang='lat' dir='ltr'>quarn</span> <span class='ocrx_word' id='word_1_318' title='bbox 1581 3471 1719 3569; x_wconf 87' lang='lat' dir='ltr'>plures,</span> 
     </span>
     <span class='ocr_line' id='line_1_34' title="bbox 192 3568 1724 3672; baseline -0.001 -25"><span class='ocrx_word' id='word_1_319' title='bbox 192 3573 236 3647; x_wconf 83' lang='lat' dir='ltr'>in</span> <span class='ocrx_word' id='word_1_320' title='bbox 262 3596 413 3671; x_wconf 90' lang='lat' dir='ltr'>quorum</span> <span class='ocrx_word' id='word_1_321' title='bbox 439 3570 624 3671; x_wconf 84' lang='lat' dir='ltr'>privilegiis</span> <span class='ocrx_word' id='word_1_322' title='bbox 645 3568 852 3645; x_wconf 83' lang='lat' dir='ltr'>continetur</span> <span class='ocrx_word' id='word_1_323' title='bbox 887 3570 1141 3671; x_wconf 86' lang='lat' dir='ltr'>nequisquam</span> <span class='ocrx_word' id='word_1_324' title='bbox 1177 3572 1367 3672; x_wconf 88' lang='lat' dir='ltr'>Episcopus</span> <span class='ocrx_word' id='word_1_325' title='bbox 1381 3572 1447 3648; x_wconf 60' lang='lat' dir='ltr'>‘vel</span> <span class='ocrx_word' id='word_1_326' title='bbox 1483 3570 1724 3671; x_wconf 83' lang='lat' dir='ltr'>Archiepisco·</span> 
     </span>
     <span class='ocr_line' id='line_1_35' title="bbox 186 3670 1724 3773; baseline 0.001 -27"><span class='ocrx_word' id='word_1_327' title='bbox 186 3698 262 3773; x_wconf 78' lang='lat' dir='ltr'>pars</span> <span class='ocrx_word' id='word_1_328' title='bbox 285 3670 583 3749; x_wconf 84' lang='lat' dir='ltr'>monasteriorum</span> <span class='ocrx_word' id='word_1_329' title='bbox 616 3672 761 3747; x_wconf 89' lang='lat' dir='ltr'>suorum</span> <span class='ocrx_word' id='word_1_330' title='bbox 786 3671 986 3747; x_wconf 87' lang='lat' dir='ltr'>monachos</span> <span class='ocrx_word' id='word_1_331' title='bbox 1011 3698 1077 3771; x_wconf 91' lang='lat' dir='ltr'>pro</span> <span class='ocrx_word' id='word_1_332' title='bbox 1100 3676 1175 3749; x_wconf 86' lang='lat' dir='ltr'>ulla</span> <span class='ocrx_word' id='word_1_333' title='bbox 1198 3675 1324 3765; x_wconf 87' lang='lat' dir='ltr'>causa,</span> <span class='ocrx_word' id='word_1_334' title='bbox 1344 3672 1469 3746; x_wconf 85' lang='lat' dir='ltr'>ullove</span> <span class='ocrx_word' id='word_1_335' title='bbox 1503 3676 1588 3748; x_wconf 84' lang='lat' dir='ltr'>loco</span> <span class='ocrx_word' id='word_1_336' title='bbox 1605 3675 1724 3751; x_wconf 87' lang='lat' dir='ltr'>inter·</span> 
     </span>
     <span class='ocr_line' id='line_1_36' title="bbox 190 3769 1719 3870; baseline -0.001 -20"><span class='ocrx_word' id='word_1_337' title='bbox 190 3776 337 3868; x_wconf 75' lang='lat' dir='ltr'>dicere,</span> <span class='ocrx_word' id='word_1_338' title='bbox 362 3771 589 3870; x_wconf 80' lang='lat' dir='ltr'>suspendere,</span> <span class='ocrx_word' id='word_1_339' title='bbox 619 3782 679 3847; x_wconf 83' lang='lat' dir='ltr'>au&#39;t</span> <span class='ocrx_word' id='word_1_340' title='bbox 705 3774 1014 3848; x_wconf 87' lang='lat' dir='ltr'>excommunicare</span> <span class='ocrx_word' id='word_1_341' title='bbox 1050 3773 1261 3870; x_wconf 85' lang='lat' dir='ltr'>praesumant</span> <span class='ocrx_word' id='word_1_342' title='bbox 1285 3826 1297 3862; x_wconf 96' lang='lat'>,</span> <span class='ocrx_word' id='word_1_343' title='bbox 1324 3772 1433 3844; x_wconf 90' lang='lat' dir='ltr'>iidem</span> <span class='ocrx_word' id='word_1_344' title='bbox 1449 3769 1645 3848; x_wconf 77' lang='lat' dir='ltr'>‘ordinarii</span> <span class='ocrx_word' id='word_1_345' title='bbox 1671 3776 1719 3861; x_wconf 75' lang='lat' dir='ltr'>ju«</span> 
     </span>
     <span class='ocr_line' id='line_1_37' title="bbox 190 3868 1722 3970; baseline -0.001 -19"><span class='ocrx_word' id='word_1_346' title='bbox 190 3874 438 3951; x_wconf 73' lang='lat' dir='ltr'>aildiuionem</span> <span class='ocrx_word' id='word_1_347' title='bbox 463 3871 564 3946; x_wconf 88' lang='lat' dir='ltr'>suam</span> <span class='ocrx_word' id='word_1_348' title='bbox 588 3891 763 3969; x_wconf 85' lang='lat' dir='ltr'>quantum</span> <span class='ocrx_word' id='word_1_349' title='bbox 789 3873 836 3946; x_wconf 84' lang='lat' dir='ltr'>ad</span> <span class='ocrx_word' id='word_1_350' title='bbox 856 3870 949 3963; x_wconf 81' lang='lat' dir='ltr'>illa,</span> <span class='ocrx_word' id='word_1_351' title='bbox 975 3874 1186 3970; x_wconf 87' lang='lat' dir='ltr'>ubicumque</span> <span class='ocrx_word' id='word_1_352' title='bbox 1208 3873 1264 3946; x_wconf 92' lang='lat' dir='ltr'>illi</span> <span class='ocrx_word' id='word_1_353' title='bbox 1279 3868 1438 3962; x_wconf 75' lang='lat' dir='ltr'>suerunt,</span> <span class='ocrx_word' id='word_1_354' title='bbox 1455 3873 1604 3968; x_wconf 85' lang='lat' dir='ltr'>penitus</span> <span class='ocrx_word' id='word_1_355' title='bbox 1624 3882 1722 3949; x_wconf 80' lang='lat' dir='ltr'>exer-</span> 
     </span>
     <span class='ocr_line' id='line_1_38' title="bbox 191 3967 1724 4073; baseline 0.001 -24"><span class='ocrx_word' id='word_1_356' title='bbox 191 3998 378 4050; x_wconf 79' lang='lat' dir='ltr'>¹cere-non</span> <span class='ocrx_word' id='word_1_357' title='bbox 394 3975 531 4073; x_wconf 79' lang='lat' dir='ltr'>poffiat.</span> <span class='ocrx_word' id='word_1_358' title='bbox 553 3970 626 4050; x_wconf 87' lang='lat' dir='ltr'>Ubi</span> <span class='ocrx_word' id='word_1_359' title='bbox 653 3967 775 4046; x_wconf 86' lang='lat' dir='ltr'>Glosla</span> <span class='ocrx_word' id='word_1_360' title='bbox 812 3972 940 4047; x_wconf 88' lang='lat' dir='ltr'>habet:</span> <span class='ocrx_word' id='word_1_361' title='bbox 976 3972 1072 4047; x_wconf 68' lang='lat' dir='ltr'>hieu</span> <span class='ocrx_word' id='word_1_362' title='bbox 1096 3996 1181 4071; x_wconf 79' lang='lat' dir='ltr'>crgo</span> <span class='ocrx_word' id='word_1_363' title='bbox 1197 3971 1270 4049; x_wconf 82' lang='lat' dir='ltr'>ista</span> <span class='ocrx_word' id='word_1_364' title='bbox 1294 3968 1463 4065; x_wconf 81' lang='lat' dir='ltr'>,scilicet</span> <span class='ocrx_word' id='word_1_365' title='bbox 1499 3974 1724 4050; x_wconf 77' lang='lat' dir='ltr'>interdictum</span> 
     </span>
     <span class='ocr_line' id='line_1_39' title="bbox 188 4072 1725 4174; baseline -0.002 -20"><span class='ocrx_word' id='word_1_366' title='bbox 188 4073 477 4173; x_wconf 72' lang='lat' dir='ltr'>suspensionem,</span> <span class='ocrx_word' id='word_1_367' title='bbox 503 4074 971 4152; x_wconf 83' lang='lat' dir='ltr'>&amp;excommunicationem</span> <span class='ocrx_word' id='word_1_368' title='bbox 996 4099 1072 4150; x_wconf 89' lang='lat' dir='ltr'>nou</span> <span class='ocrx_word' id='word_1_369' title='bbox 1098 4072 1226 4174; x_wconf 70' lang='lat' dir='ltr'>poliunt</span> <span class='ocrx_word' id='word_1_370' title='bbox 1258 4073 1466 4167; x_wconf 84' lang='lat' dir='ltr'>Ordinarii,</span> <span class='ocrx_word' id='word_1_371' title='bbox 1504 4072 1643 4172; x_wconf 77' lang='lat' dir='ltr'>poliunt</span> <span class='ocrx_word' id='word_1_372' title='bbox 1660 4096 1725 4153; x_wconf 80' lang='lat' dir='ltr'>ta·</span> 
     </span>
     <span class='ocr_line' id='line_1_40' title="bbox 188 4174 1728 4277; baseline 0.001 -24"><span class='ocrx_word' id='word_1_373' title='bbox 188 4203 285 4255; x_wconf 79' lang='lat' dir='ltr'>..men</span> <span class='ocrx_word' id='word_1_374' title='bbox 312 4175 453 4253; x_wconf 75' lang='lat' dir='ltr'>caussam</span> <span class='ocrx_word' id='word_1_375' title='bbox 477 4201 602 4252; x_wconf 88' lang='lat' dir='ltr'>eorum</span> <span class='ocrx_word' id='word_1_376' title='bbox 628 4175 750 4250; x_wconf 74' lang='lat' dir='ltr'>aaudire</span> <span class='ocrx_word' id='word_1_377' title='bbox 774 4182 810 4253; x_wconf 82' lang='lat' dir='ltr'>dt</span> <span class='ocrx_word' id='word_1_378' title='bbox 828 4176 989 4265; x_wconf 86' lang='lat' dir='ltr'>judicare</span> <span class='ocrx_word' id='word_1_379' title='bbox 1013 4205 1025 4268; x_wconf 89' lang='lat'>;</span> <span class='ocrx_word' id='word_1_380' title='bbox 1062 4175 1183 4277; x_wconf 78' lang='lat' dir='ltr'>quodsi</span> <span class='ocrx_word' id='word_1_381' title='bbox 1207 4202 1286 4253; x_wconf 86' lang='lat' dir='ltr'>non</span> <span class='ocrx_word' id='word_1_382' title='bbox 1319 4195 1486 4274; x_wconf 84' lang='lat' dir='ltr'>pareant,</span> <span class='ocrx_word' id='word_1_383' title='bbox 1515 4174 1661 4277; x_wconf 80' lang='lat' dir='ltr'>poliunt</span> <span class='ocrx_word' id='word_1_384' title='bbox 1679 4180 1728 4255; x_wconf 79' lang='lat' dir='ltr'>in</span> 
     </span>
     <span class='ocr_line' id='line_1_41' title="bbox 190 4275 1722 4396; baseline 0.002 -41"><span class='ocrx_word' id='word_1_385' title='bbox 190 4277 445 4380; x_wconf 76' lang='lat' dir='ltr'>possessionem</span> <span class='ocrx_word' id='word_1_386' title='bbox 469 4280 612 4354; x_wconf 87' lang='lat' dir='ltr'>mittere</span> <span class='ocrx_word' id='word_1_387' title='bbox 637 4282 673 4354; x_wconf 82' lang='lat' dir='ltr'>dt</span> <span class='ocrx_word' id='word_1_388' title='bbox 697 4275 825 4353; x_wconf 81' lang='lat' dir='ltr'>fmilia</span> <span class='ocrx_word' id='word_1_389' title='bbox 843 4276 976 4370; x_wconf 75' lang='lat' dir='ltr'>facere.</span> <span class='ocrx_word' id='word_1_390' title='bbox 1003 4277 1051 4354; x_wconf 90' lang='lat' dir='ltr'>Et</span> <span class='ocrx_word' id='word_1_391' title='bbox 1073 4277 1267 4383; x_wconf 63' lang='lat' dir='ltr'>siciliensis</span> <span class='ocrx_word' id='word_1_392' title='bbox 1289 4279 1387 4354; x_wconf 87' lang='lat' dir='ltr'>addit</span> <span class='ocrx_word' id='word_1_393' title='bbox 1410 4279 1517 4353; x_wconf 82' lang='lat' dir='ltr'>ibid:</span> <span class='ocrx_word' id='word_1_394' title='bbox 1538 4280 1638 4396; x_wconf 69' lang='lat' dir='ltr'>Qud</span> <span class='ocrx_word' id='word_1_395' title='bbox 1651 4283 1722 4358; x_wconf 75' lang='lat' dir='ltr'>¹de·</span> 
     </span>
     <span class='ocr_line' id='line_1_42' title="bbox 193 4378 1729 4481; baseline 0.001 -23"><span class='ocrx_word' id='word_1_396' title='bbox 193 4404 333 4481; x_wconf 88' lang='lat' dir='ltr'>ponere</span> <span class='ocrx_word' id='word_1_397' title='bbox 356 4398 549 4481; x_wconf 78' lang='lat' dir='ltr'>posuerunt</span> <span class='ocrx_word' id='word_1_398' title='bbox 564 4434 584 4473; x_wconf 89' lang='lat'>.,</span> <span class='ocrx_word' id='word_1_399' title='bbox 616 4384 655 4460; x_wconf 72' lang='lat' dir='ltr'>bt</span> <span class='ocrx_word' id='word_1_400' title='bbox 680 4381 728 4456; x_wconf 81' lang='lat' dir='ltr'>in</span> <span class='ocrx_word' id='word_1_401' title='bbox 755 4380 899 4456; x_wconf 66' lang='lat' dir='ltr'>ardum</span> <span class='ocrx_word' id='word_1_402' title='bbox 923 4380 1181 4459; x_wconf 84' lang='lat' dir='ltr'>monasterium</span> <span class='ocrx_word' id='word_1_403' title='bbox 1217 4381 1427 4474; x_wconf 75' lang='lat' dir='ltr'>detmdere,</span> <span class='ocrx_word' id='word_1_404' title='bbox 1447 4378 1481 4453; x_wconf 86' lang='lat' dir='ltr'>si</span> <span class='ocrx_word' id='word_1_405' title='bbox 1495 4398 1610 4460; x_wconf 82' lang='lat' dir='ltr'>cauta</span> <span class='ocrx_word' id='word_1_406' title='bbox 1638 4385 1729 4460; x_wconf 80' lang='lat' dir='ltr'>:talis</span> 
     </span>
    </p>
   </div>
   <div class='ocr_carea' id='block_1_3' title="bbox 196 4482 1775 4715">
    <p class='ocr_par' dir='ltr' id='par_1_8' title="bbox 196 4482 1775 4715">
     <span class='ocr_line' id='line_1_43' title="bbox 196 4482 1775 4715; baseline -0.001 -155"><span class='ocrx_word' id='word_1_407' title='bbox 196 4482 334 4579; x_wconf 68' lang='lat' dir='ltr'>sunit.</span> <span class='ocrx_word' id='word_1_408' title='bbox 1543 4592 1642 4673; x_wconf 54' lang='lat' dir='ltr'>(m</span> <span class='ocrx_word' id='word_1_409' title='bbox 1659 4537 1775 4715; x_wconf 29' lang='lat' dir='ltr'>&gt;R</span> 
     </span>
    </p>
   </div>
   <div class='ocr_carea' id='block_1_4' title="bbox 200 4717 587 4738">
    <p class='ocr_par' dir='ltr' id='par_1_9' title="bbox 200 4717 587 4738">
     <span class='ocr_line' id='line_1_44' title="bbox 200 4717 587 4738; baseline 0 -2"><span class='ocrx_word' id='word_1_410' title='bbox 200 4717 587 4738; x_wconf 57' lang='lat' dir='ltr'>m</span> 
     </span>
    </p>
   </div>
   <div class='ocr_carea' id='block_1_5' title="bbox 192 4769 1738 5003">
    <p class='ocr_par' dir='ltr' id='par_1_10' title="bbox 192 4769 1738 5003">
     <span class='ocr_line' id='line_1_45' title="bbox 244 4769 1732 4848; baseline -0.005 -9"><span class='ocrx_word' id='word_1_411' title='bbox 244 4769 298 4839; x_wconf 72' lang='grc' dir='ltr'>(ἃ)</span> <span class='ocrx_word' id='word_1_412' title='bbox 320 4774 402 4834; x_wconf 68' lang='grc' dir='ltr'>Μ).</span> <span class='ocrx_word' id='word_1_413' title='bbox 425 4798 452 4844; x_wconf 82' lang='lat'>3·</span> <span class='ocrx_word' id='word_1_414' title='bbox 472 4779 505 4835; x_wconf 80' lang='grc' dir='ltr'>Ρ.</span> <span class='ocrx_word' id='word_1_415' title='bbox 525 4778 568 4835; x_wconf 84' lang='lat' dir='ltr'>De</span> <span class='ocrx_word' id='word_1_416' title='bbox 589 4779 632 4847; x_wconf 74' lang='lat' dir='ltr'>eff·</span> <span class='ocrx_word' id='word_1_417' title='bbox 653 4777 706 4844; x_wconf 70' lang='lat' dir='ltr'>ap.</span> <span class='ocrx_word' id='word_1_418' title='bbox 726 4776 824 4848; x_wconf 58' lang='lat' dir='ltr'>oilla.</span> <span class='ocrx_word' id='word_1_419' title='bbox 839 4792 912 4841; x_wconf 73' lang='lat' dir='ltr'>uos.</span> <span class='ocrx_word' id='word_1_420' title='bbox 930 4794 1009 4835; x_wconf 78' lang='lat' dir='ltr'>num.</span> <span class='ocrx_word' id='word_1_421' title='bbox 1033 4796 1077 4846; x_wconf 80' lang='lat'>¹3·</span> <span class='ocrx_word' id='word_1_422' title='bbox 1117 4770 1171 4846; x_wconf 76' lang='lat' dir='ltr'>(b)</span> <span class='ocrx_word' id='word_1_423' title='bbox 1191 4772 1269 4831; x_wconf 73' lang='lat' dir='ltr'>Sale.</span> <span class='ocrx_word' id='word_1_424' title='bbox 1288 4774 1360 4842; x_wconf 78' lang='lat' dir='ltr'>Cap.</span> <span class='ocrx_word' id='word_1_425' title='bbox 1381 4795 1408 4842; x_wconf 73' lang='grc' dir='ltr'>ς.</span> <span class='ocrx_word' id='word_1_426' title='bbox 1428 4770 1489 4833; x_wconf 78' lang='lat' dir='ltr'>sset·</span> <span class='ocrx_word' id='word_1_427' title='bbox 1509 4777 1551 4831; x_wconf 66' lang='lat' dir='ltr'>dr.</span> <span class='ocrx_word' id='word_1_428' title='bbox 1572 4776 1597 4837; x_wconf 73' lang='lat' dir='ltr'>i.</span> <span class='ocrx_word' id='word_1_429' title='bbox 1615 4772 1732 4832; x_wconf 77' lang='lat' dir='ltr'>Punice.</span> 
     </span>
     <span class='ocr_line' id='line_1_46' title="bbox 240 4848 1738 4929; baseline 0.003 -24"><span class='ocrx_word' id='word_1_430' title='bbox 240 4848 1117 4924; x_wconf 52' lang='lat' dir='ltr'>(c)emundans-³.Jur.can.-t.1.q.u9.n.-9.</span> <span class='ocrx_word' id='word_1_431' title='bbox 1149 4850 1219 4925; x_wconf 78' lang='lat' dir='ltr'>·(·d·}</span> <span class='ocrx_word' id='word_1_432' title='bbox 1240 4848 1341 4910; x_wconf 65' lang='lat' dir='ltr'>Saum.</span> <span class='ocrx_word' id='word_1_433' title='bbox 1362 4851 1384 4907; x_wconf 85' lang='lat'>1.</span> <span class='ocrx_word' id='word_1_434' title='bbox 1406 4872 1434 4916; x_wconf 89' lang='lat'>7·</span> <span class='ocrx_word' id='word_1_435' title='bbox 1463 4851 1505 4911; x_wconf 83' lang='lat' dir='ltr'>De</span> <span class='ocrx_word' id='word_1_436' title='bbox 1535 4854 1670 4914; x_wconf 68' lang='lat' dir='ltr'>merim·</span> <span class='ocrx_word' id='word_1_437' title='bbox 1688 4850 1738 4929; x_wconf 54' lang='grc' dir='ltr'>Α,</span> 
     </span>
     <span class='ocr_line' id='line_1_47' title="bbox 192 4927 1714 5003; baseline -0.01 -7"><span class='ocrx_word' id='word_1_438' title='bbox 192 4948 245 4996; x_wconf 74' lang='lat'>33·</span> <span class='ocrx_word' id='word_1_439' title='bbox 269 4945 349 4988; x_wconf 76' lang='lat' dir='ltr'>aum·</span> <span class='ocrx_word' id='word_1_440' title='bbox 377 4950 423 4997; x_wconf 79' lang='lat'>23·</span> <span class='ocrx_word' id='word_1_441' title='bbox 463 4930 519 5001; x_wconf 81' lang='lat' dir='ltr'>le)</span> <span class='ocrx_word' id='word_1_442' title='bbox 540 4932 669 4994; x_wconf 68' lang='lat' dir='ltr'>uadem.</span> <span class='ocrx_word' id='word_1_443' title='bbox 690 4940 755 4994; x_wconf 69' lang='lat' dir='ltr'>rina·</span> <span class='ocrx_word' id='word_1_444' title='bbox 780 4954 803 4988; x_wconf 86' lang='lat' dir='ltr'>r·</span> <span class='ocrx_word' id='word_1_445' title='bbox 823 4935 929 4996; x_wconf 68' lang='lat' dir='ltr'>uma.</span> <span class='ocrx_word' id='word_1_446' title='bbox 951 4953 978 4989; x_wconf 79' lang='lat' dir='ltr'>a.</span> <span class='ocrx_word' id='word_1_447' title='bbox 995 4932 1052 4996; x_wconf 75' lang='lat' dir='ltr'>Ed·</span> <span class='ocrx_word' id='word_1_448' title='bbox 1071 4951 1134 5003; x_wconf 76' lang='lat' dir='ltr'>cap·</span> <span class='ocrx_word' id='word_1_449' title='bbox 1158 4953 1203 5001; x_wconf 68' lang='grc' dir='ltr'>ῃ.</span> <span class='ocrx_word' id='word_1_450' title='bbox 1220 4942 1251 4987; x_wconf 80' lang='lat' dir='ltr'>tr·</span> <span class='ocrx_word' id='word_1_451' title='bbox 1271 4949 1299 4995; x_wconf 71' lang='lat' dir='ltr'>a·</span> <span class='ocrx_word' id='word_1_452' title='bbox 1319 4927 1373 5000; x_wconf 61' lang='lat' dir='ltr'>cas.</span> <span class='ocrx_word' id='word_1_453' title='bbox 1390 4947 1422 4984; x_wconf 79' lang='grc' dir='ltr'>-ι,</span> <span class='ocrx_word' id='word_1_454' title='bbox 1709 4956 1714 4966; x_wconf 85' lang='lat'><strong>·</strong></span> 
     </span>
    </p>
   </div>
   <div class='ocr_carea' id='block_1_6' title="bbox 0 0 1946 5678">
    <p class='ocr_par' dir='ltr' id='par_1_11' title="bbox 0 0 1946 5678">
     <span class='ocr_line' id='line_1_48' title="bbox 0 0 1946 5678; baseline 0 0"><span class='ocrx_word' id='word_1_455' title='bbox 0 0 1946 5678; x_wconf 95' lang='lat' dir='ltr'> </span> 
     </span>
    </p>
   </div>
  </div>
 </body>
</html>
