3856 5678
482 338 485 345 ·
527 315 664 395 Ano
689 333 707 395 s
733 338 757 394 τ
780 331 1031 419 ους-,ιιι
1087 327 1194 411 1500.
1226 319 1358 411 ¹553·
1578 322 1651 415 157

233 463 333 558 (iii)
371 456 566 559 Hispaieusts
598 462 759 547 Beclefiae.
796 456 836 534 Ρ.
873 456 1089 534 Charlevoix
1122 468 1232 553 nuper
1265 454 1428 529 laudatus
1471 447 1587 526 fc'tibit
1621 444 1707 533 alibi
1827 456 1832 503 -“

189 572 263 658 (ι)
286 563 393 661 usque
418 564 465 639 ad
489 587 623 641 annum
650 570 760 658 1605.
784 584 907 635 ornnes
931 555 1103 634 Ecclesias
1129 556 1314 631 Indiaium
1348 552 1622 629 occidentalium
1645 550 1709 625 ob·

188 669 310 743 noxias
334 656 434 739 fiiiss'e
468 662 752 761 Metropolitano
788 659 1016 759 Hispalenfi..
1054 658 1123 734 Sed
1148 657 1197 751 est
1233 682 1330 732 error
1357 648 1615 752 typographiae,
1652 652 1707 725 vel

188 769 445 947 ccleirfftpnologim
471 790 577 841 nant·
591 767 643 858 ius
678 767 876 862 primatiale
911 786 1094 860 nunquam
1128 757 1216 853 fuit,
1253 763 1289 836 ὃ(
1311 756 1614 855 metropoliticum
1637 747 1705 827 esse

276 870 326 947 vit
350 872 421 945 boc
447 891 565 943 anno.

596 1064 1095 1146 ORDINATIO
1144 1066 1370 1158 LXXIV„

300 1218 303 1223 -
823 1170 932 1244 Anno
962 1176 1069 1266 1546.

190 1372 316 1553 AD
343 1375 420 1455 hoc,
438 1394 574 1470 tempus
599 1368 706 1448 refert
731 1371 1005 1465 Herrerasb),
1043 1372 1187 1445 nomin'e
1213 1370 1321 1467 Regis
1345 1363 1537 1443 Catholici·
1554 1365 1707 1461 petitum

299 1474 367 1551 esse
393 1469 518 1566 breve,
542 1478 636 1572 quod
662 1500 707 1548 an
735 1477 962 1568 impetratum
999 1473 1263 1570 &expeditum
1289 1469 1329 1543 fit
1356 1470 1504 1565 ignoro,
1540 1486 1579 1541 ut
1604 1465 1708 1563 quili-

190 1578 240 1652 bet
266 1577 428 1667 sacerdos
456 1579 509 1651 vel
536 1575 712 1673 religiosus
738 1580 754 1664 (
767 1581 805 1665 i>
841 1574 965 1674 absque
991 1596 1138 1671 peccato
1174 1570 1359 1668 &absque
1385 1569 1540 1666 periculo
1577 1567 1706 1663 irregu-

189 1680 336 1755 laritatis
358 1700 584 1776 quaecumque
618 1677 742 1750 deliria
779 1678 816 1749 in
851 1677 1022 1751 indorum
1059 1698 1228 1750 vexamen
1266 1664 1445 1748 commissa
1483 1663 1708 1779 manifestare¹

191 1777 323 1879 pollet:
350 1778 566 1876 protestans,
590 1802 635 1850 ne
661 1801 705 1851 eit
732 1778 795 1852 tali
821 1777 1022 1852 testimonio
1032 1828 1041 1847 ,-
1049 1776 1293 1873 procederetur
1314 1773 1365 1853 ,ad
1390 1765 1596 1843 effiisionem
1630 1766 1708 1865 saii-

189 1878 321 1979 guirtis,
349 1901 410 1953 aut
434 1879 674 1954 membrorum
699 1880 982 1954 mutilationem.
1009 1870 1117 1972 Quod
1143 1875 1170 1951 fi
1195 1877 1295 1951 breve
1322 1890 1491 1971 perpetuo
1515 1868 1709 1943 valiturum

189 2004 394 2079 negaretur,
421 1982 672 2055 concederetur
696 1979 823 2055 saltem
847 1981 1007 2080 quindiu
1033 1982 1078 2053 ad
1104 1979 1277 2054 ludorum
1303 1970 1570 2049 conversionem
1595 1974 1632 2047 dt
1657 1968 1709 2043 in-

191 2079 409 2157 strusiionem
434 2079 517 2156 esset
542 2082 789 2157 necessarium.
864 2151 876 2173 ‚
1466 2094 1469 2101 “
1696 2084 1711 2125 ’-

284 2180 443 2257 Peritum
468 2185 578 2257 etiam
604 2180 693 2272 elie,
719 2180 825 2255 refert
850 2183 981 2259 ibidem
1003 2180 1179 2279 Herrera,
1204 2181 1306 2257 breve
1331 2192 1372 2253 ut
1397 2172 1559 2275 Episcopi
1581 2169 1708 2275 vindiar-
1798 2196 1803 2204 ·

188 2284 305 2369 tumn
332 2281 512 2359 visitandis
539 2288 618 2372 (ii)
646 2285 822 2357 liminibus
849 2286 1099 2383 Apostolorum
1125 2283 1433 2381 deobligarentur,
1464 2272 1708 2373 tam‘plaeseu-
1749 2336 1753 2351 .

190 2382 259 2476 us,
286 2386 397 2482 quam
421 2382 551 2459 futuri:
578 2390 613 2460 ὃ(
639 2381 839 2458 concessum
873 2382 938 2458 esse
975 2384 1094 2459 suadet
1119 2385 1258 2481 praxis,
1285 2379 1351 2455 nisi
1375 2379 1452 2453 haee
1487 2374 1635 2451 sundaia
1663 2368 1706 2447 fit

136 2508 139 2521 ’
189 2480 224 2569 io.
243 2484 449 2567 necessitate
475 2489 529 2559 vel
553 2484 847 2586 impo'ffibilitate,
873 2512 981 2583 quam
1007 2483 1092 2560 facit
1118 2483 1306 2574 distantia,
1336 2482 1609 2579 propterquam
1629 2475 1708 2561 nul·

190 2584 238 2669 lus
259 2611 369 2686 quem
395 2585 525 2677 fciam,
561 2610 605 2660 ex
630 2587 797 2660 America
823 2586 1011 2685 Episcopus
1048 2586 1192 2662 ltaliam
1225 2608 1380 2682 unquam
1398 2579 1608 2678 scogitavit',
1641 2598 1711 2665 nee

187 2680 436 2786 Apostolorum
463 2689 588 2763 limina
625 2684 847 2778 visitaturus,
883 2714 948 2764 nec
972 2691 1067 2786 quod
1092 2691 1199 2786 pluris
1234 2686 1283 2762 est
1307 2672 1668 2777 ConciliolGen'erali
1694 2674 1712 2770 ,ff

187 2790 276 2887 quod
303 2790 378 2880 iani
404 2810 481 2863 erat
508 2807 670 2886 aperttun
695 2787 766 2878 hoe
793 2776 953 2886 sempore
980 2787 1231 2866 interfuturus.
1677 2779 1682 2785 ’

283 2888 410 2967 Simile
446 2912 540 2964 certe
565 2888 667 2965 breve
704 2888 903 2965 concellum
939 2889 987 2965 est
1013 2895 1173 2989 deinceps
1207 2890 1319 2965 Indiae
1353 2880 1709 2983 orientali'spraelato

189 2989 301 3068 nescio
326 2994 383 3071 cui
411 3016 470 3086 per
493 2993 649 3082 litteras,
675 3016 823 3089 quarum
850 2990 1088 3089 fragmentum
1113 2992 1185 3068 est:
1212 2990 1370 3077 Postremi
1393 2992 1508 3064 eidem
1531 2983 1708 3084 Episcopo

192 3094 232 3169 ad
257 3093 460 3192 quindecim
488 3116 598 3169 annos
637 3095 656 3163 ii
690 3093 747 3164 die
774 3090 981 3190 receptionis
1006 3093 1226 3190 praesentium
1261 3093 1460 3166 litterarum
1497 3104 1707 3184 computan-

188 3192 268 3287 dos,
295 3216 336 3268 ut
363 3195 487 3269 limina
514 3190 768 3289 Apostolorum
795 3191 955 3284 visitare,
994 3217 1035 3266 ac
1059 3192 1227 3267 Concilio
1263 3190 1473 3267 Provinciali
1510 3179 1709 3296 Archiepis·

187 3296 259 3393 copi
287 3295 433 3386 Goani,
461 3296 554 3369 illius
581 3314 700 3368 tamen
727 3293 872 3371 arbitrio
906 3291 1064 3369 interesse
1100 3295 1250 3367 minime
1277 3312 1463 3366 teneatur:
1498 3292 1549 3365 ita
1586 3307 1709 3375 tamen

186 3418 223 3473 nt
245 3400 364 3497 quoad
390 3394 630 3471 visitationem
653 3396 818 3470 liminum
843 3395 1010 3485 ejusmodi
1046 3396 1138 3471 vices
1172 3395 1250 3469 suas
1275 3391 1556 3494 procuratoribus
1590 3387 1650 3483 qui
1685 3383 1710 3457 b

188 3496 420 3597 Regularibtis
445 3499 605 3574 Romam
630 3497 845 3591 mittuntur,
871 3498 1121 3587 committere3
1145 3503 1181 3575 bt
1206 3499 1250 3574 ad
1275 3497 1479 3573 Concilitun
1504 3485 1708 3569 Provincia·

186 3600 218 3673 le
241 3602 400 3698 aliquem
425 3600 653 3696 Theologum
677 3599 820 3672 mittere
846 3599 991 3691 debeat,
1018 3598 1208 3697 apostolica
1236 3600 1444 3676 austoritate
1479 3616 1602 3673 tenore
1627 3610 1708 3686 prn-

186 3698 339 3777 seutium
367 3701 592 3776 concedimus
617 3704 653 3776 dt
676 3699 898 3799 indulgemus.
923 3701 1057 3777 Similis
1082 3700 1254 3777 concessio
1279 3700 1397 3799 quoad
1422 3697 1594 3774 visitanda
1611 3692 1710 3789 ipo

187 3794 362 3879 stolorum
388 3803 514 3876 limina
540 3798 581 3877 sit
606 3799 749 3876 subinde
775 3804 816 3875 iis
840 3803 899 3900 qui
927 3802 972 3877 ad
998 3800 1194 3899 episcopale
1220 3827 1349 3877 munus
1375 3797 1611 3889 assumuntur:
1643 3791 1710 3869 est·

187 3902 249 4002 q'ne
275 3930 351 3980 una
376 3903 553 3978 bullarum
577 3926 654 4000 quae
692 3926 755 4000 pro
780 3899 921 4001 fingulis
937 3904 1099 4000 'expediri
1123 3902 1257 3977 solent.
1297 3900 1358 3977 Est
1382 3896 1494 3975 etiam
1528 3898 1710 3972 ordinatio

186 4008 362 4103 generalis
386 4005 542 4094 ejusdem
571 4007 767 4102 argumenti
794 4002 885 4079 sassa
911 4006 933 4078 i
956 4004 1058 4080 Sixto
1084 4004 1154 4097 V.,
1190 4028 1299 4103 quarn
1322 4001 1401 4079 vide
1433 3998 1625 4095 sublone,
1649 4020 1710 4079 nn·

187 4128 232 4185 no
262 4107 375 4208 1585.
406 4131 466 4183 20.
493 4106 608 4200 Dec,
633 4110 670 4185 br
698 4112 808 4204 1763.
839 4107 896 4183 18.
923 4102 994 4205 Jul.
1685 4108 1689 4115 “

466 4422 470 4429 ¹
619 4278 1289 4427 Annonariouea

241 4521 310 4607 (i)
335 4520 491 4609 Sacerdos
525 4521 586 4595 vel
607 4515 796 4618 religiosus.
822 4520 904 4612 An,
929 4518 1071 4616 quando
1083 4572 1095 4611 ,
1129 4520 1375 4617 &quomodo
1400 4500 1503 4619 possit
1525 4521 1603 4618 quis
1626 4498 1711 4618 pris..

191 4618 257 4733 fifo
283 4621 466 4718 privilegio
493 4621 670 4717 irrogatas
705 4620 812 4695 Indis·
843 4620 984 4707 injurias
1018 4616 1264 4713 manifestare,
1295 4624 1386 4717 'quin
1414 4622 1712 4717 irregularitatem

156 4735 160 4741 '
191 4740 345 4799 incurrat
371 4722 640 4815 denuntiando,
668 4721 891 4816 accusando,
929 4744 991 4796 aut
1018 4718 1260 4812 testificando,
1298 4722 1417 4820 colligi
1442 4721 1557 4821 potest
1580 4719 1712 4839 eituob-

235 4852 238 4857 ·
615 4852 621 4861 ’
1318 4840 1323 4846 ·
1598 4845 1664 4897 viis

228 5037 285 5114 (ὃ)
307 5036 442 5099 ciarev.
460 5041 527 5113 rint.
546 5039 596 5101 del
612 5036 719 5109 Perag-
737 5037 826 5099 libr.
841 5057 946 5107 uiso.
965 5039 1022 5099 nd.
1041 5041 1109 5105 inr-
1149 5035 1209 5106 (b)
1227 5040 1307 5098 Hert.
1319 5040 1365 5106 D.
1377 5040 1403 5090 i.
1421 5033 1481 5092 l.r.
1502 5030 1605 5099 capu!
1680 5080 1683 5085 .
