3856 5678
409 309 489 375 orn
845 291 1431 371 Ounrtratrouss
1517 380 1519 385 ,

359 440 585 522 cernentibus
612 438 805 532 regularem
832 434 1091 510 obser-vantium
1119 458 1192 508 non
1218 433 1285 509 else
1309 430 1491 531 Episcopis
1519 431 1718 528 sussello&
1736 460 1740 466 ·
1757 432 1801 508 in
1830 430 1895 533 sps

362 542 534 623 nantibus
559 539 605 612 ad
630 538 838 612 exercitium
864 563 955 611 curas
991 535 1226 627 animarum,
1258 537 1316 610 vel
1352 536 1537 610 etiamad
1562 560 1690 612 eorum
1726 538 1896 616 viram&

358 669 496 734 mores3
522 640 634 717 etiam
659 634 838 737 Episcopis
865 637 1009 738 aliisqne
1034 641 1198 714 locorum
1223 638 1413 713 ordinariis
1436 635 1602 728 nnjeuos
1627 636 1723 732 esse,
1753 639 1895 736 ideoque

359 746 542 825 abeis&
568 742 761 820 abennem
797 738 1033 817 visrtatoribus
1057 739 1154 840 aequb
1193 765 1235 816 ac
1262 740 1284 815 ‘a
1308 737 1375 816 suis
1413 738 1630 840 regularibus
1664 741 1893 840 superioribus

359 852 400 927 in
426 850 480 925 his
504 843 668 923 omnibus
693 842 820 944 corrigi
857 842 982 944 polle,
1019 842 1192 942 srquidetn
1227 838 1439 941 impoffibile
1473 868 1550 921 non
1572 841 1648 937 ert,
1673 866 1719 918 ut
1760 845 1894 930 alicuius

359 954 441 1028 vira
466 950 561 1025 ratio
585 947 667 1022 talis
691 940 758 1020 else
784 944 1042 1044 dignoscatur,
1077 971 1153 1044 quae
1188 970 1272 1021 cum
1302 948 1503 1023 animarum
1539 946 1716 1045 regimine
1756 944 1893 1019 minimi

359 1051 576 1140 conveniat,
601 1054 637 1127 bc
661 1046 885 1148 parochianis
909 1047 1079 1124 scandalo
1104 1045 1170 1124 st.
1199 1068 1235 1120 :s
1273 1044 1356 1122 Hoc
1383 1049 1478 1124 idem
1501 1048 1541 1123 in
1573 1046 1704 1125 Consi.
1743 1050 1892 1122 firman

358 1156 431 1229 dis.
464 1175 521 1228 12.
548 1147 633 1227 Kal
660 1148 755 1226 Dec.
785 1172 892 1250 1744.
920 1151 1179 1249 declaraverat,
1205 1174 1388 1247 quaecum
1415 1150 1463 1225 ad
1488 1146 1612 1225 Indias
1636 1148 1673 1226 se
1701 1149 1891 1242 extendat,

358 1256 410 1332 ibi
435 1254 548 1331 etiam
572 1251 788 1330 observanda
816 1254 886 1329 est.
914 1250 1085 1350 idemque
1109 1250 1267 1327 decernit
1289 1250 1338 1327 de
1362 1250 1497 1328 duabus
1522 1251 1653 1352 regulis
1692 1252 1745 1326 ibi
1770 1249 1889 1328 consti·

359 1358 467 1449 tntis,
493 1379 644 1453 quarum
668 1378 741 1429 una
765 1352 837 1447 est,
865 1353 961 1452 qubd
988 1355 1024 1428 in
1051 1352 1173 1453 qutbus
1200 1351 1346 1449 parochi
1371 1357 1546 1451 regulares
1571 1350 1764 1454 Episcopis
1788 1350 1892 1431 &sris

360 1459 516 1559 -praelatis
540 1454 754 1531 cumulatius
788 1453 965 1539 subsunt,
1003 1454 1158 1530 sialiter
1185 1457 1228 1528 ab
1255 1479 1327 1530 uno
1361 1478 1473 1553 quam
1499 1455 1544 1536 ab
1580 1457 1656 1531 alio
1685 1455 1890 1546 judicetur,

362 1556 619 1659 praeferendurn
643 1555 694 1633 est
719 1555 882 1656 Episcopi
908 1557 1098 1647 iudicium.
1126 1557 1275 1649 Altera,
1301 1552 1399 1655 qubd
1423 1582 1508 1632 cum
1535 1558 1721 1656 regulares
1747 1558 1890 1634 nonni·

276 1692 283 1706 ·
360 1659 389 1736 sr
415 1685 498 1735 cum
524 1657 754 1734 amobilitatis
779 1661 952 1758 qualitate
979 1684 1102 1734 curam
1126 1658 1332 1734 animarum
1356 1681 1518 1734 exercere
1544 1662 1718 1753 valeant,
1746 1679 1822 1734 tarn
1850 1657 1889 1734 Β·

277 1789 319 1849 χ
359 1761 519 1862 piscopos
544 1785 652 1859 quam
678 1762 846 1860 regularis
883 1762 1065 1859 praelatus,
1101 1783 1185 1835 curn
1208 1760 1370 1858 expedire
1391 1759 1662 1852 iudicaverint,
1703 1763 1888 1859 regularem

358 1863 558 1964 paroehum
584 1886 765 1942 removere
791 1865 935 1955 valent,
962 1863 1015 1937 ira
1040 1881 1081 1940 ut
1106 1884 1219 1960 neque
1239 1862 1406 1961 regularis
1430 1859 1586 1960 superior
1612 1866 1717 1954 (tu)
1744 1867 1886 1960 compel·

358 1967 385 2043 li
412 1964 515 2065 poss'rt
541 1964 749 2042 remotionis
774 1960 894 2040 causas
919 1961 1093 2063 Episcopo
1118 1958 1343 2063 significare,
1367 1987 1483 2062 neque
1515 1961 1717 2064 Episcopus
1752 1963 1890 2064 regulari

359 2071 527 2166 praelato.
553 2063 739 2162 Quoniam
764 2068 848 2143 verb
875 2065 1001 2141 alicubi
1027 2062 1101 2142 fieri
1126 2064 1262 2163 potest,
1298 2065 1454 2141 maxims
1479 2066 1518 2139 in
1544 2069 1652 2142 novis
1691 2068 1888 2142 redusiioni-

357 2169 423 2244 bus
456 2187 498 2244 ut
533 2170 709 2264 regulares
744 2167 918 2267 parochos
941 2190 1082 2243 mutare
1118 2191 1192 2242 non
1218 2168 1414 2264 expediat,
1449 2167 1560 2241 etiarn
1588 2192 1681 2243 curn
1716 2167 1887 2244 saculares

338 2288 434 2346 ¹non
459 2266 605 2363 desunt,
643 2270 857 2346 ordinarios
939 2292 1065 2346 monet
1091 2289 1131 2344 ut
1158 2271 1195 2344 in
1217 2266 1390 2361 ejusmodi
1425 2265 1727 2361 circumstantiis,
1763 2269 1885 2348 &ubi-

360 2397 510 2473 cumque
535 2396 589 2448 res
613 2372 748 2470 optimb
773 2369 940 2448 constitut
1012 2373 1234 2463 invenerint,
1262 2372 1307 2446 ab
1344 2371 1638 2446 innovationibus
1667 2371 1885 2458 abstineant,

357 2479 397 2552 δι
421 2475 496 2563 jure
519 2471 583 2548 suo
610 2475 660 2550 ita
687 2496 856 2565 utantur,
881 2495 923 2549 ut
949 2497 986 2548 re
1036 2475 1092 2547 itit
1118 2473 1260 2570 aequiras
1297 2477 1332 2549 δι
1360 2473 1561 2547 animarum
1595 2475 1765 2565 utilitas,
1801 2473 1885 2570 super

354 2602 431 2676 quo
457 2577 598 2649 illorum
624 2573 839 2651 conscientia
865 2597 1015 2651 oneratu
1048 2629 1058 2646 .
1086 2597 1122 2647 ε·-
1160 2574 1327 2672 Denique
1354 2572 1507 2665 statuit,
1534 2576 1664 2672 nequis
1703 2601 1881 2673 unquam,

357 2697 422 2753 aut
447 2676 547 2751 ullibi
573 2677 619 2751 ad
645 2703 767 2752 curam
793 2675 1256 2850 animarumjxercendam
1283 2671 1406 2749 assumi
1444 2672 1546 2771 pollit
1575 2682 1678 2764 (tv)
1722 2675 1796 2751 stne
1822 2701 1882 2774 pras

358 2780 418 2853 vio
443 2779 605 2852 examine
630 2784 666 2857 δι
692 2777 947 2876 approbatione
963 2775 1001 2851 O
1019 2778 1147 2851 dinarii
1174 2777 1318 2865 localis,
1346 2796 1450 2872 prout
1473 2777 1561 2850 alitis
1588 2779 1806 2852 decreverat
1826 2801 1883 2852 ram

357 2880 397 2955 in
421 2879 543 2955 citatis
569 2879 707 2970 litteris,
733 2905 840 2978 quam
866 2881 904 2953 in
930 2879 1008 2954 aliis
1034 2878 1126 2954 datis
1151 2901 1185 2974 5.
1214 2874 1296 2950 Kal.
1309 2874 1465 2951 Martias
1491 2898 1626 2975 1745.,
1654 2905 1812 2978 quarum
1834 2880 1881 2952 ini·

357 2981 452 3059 tium
474 2978 523 3053 est
547 2981 703 3158 qantos
744 2982 787 3055 ad
821 2981 1108 3072 confirmandum,
1143 2999 1321 3076 quaeram
1349 2979 1393 3052 ad
1421 2980 1668 3079 occidentales
1707 3007 1819 3080 quarn
1848 2978 1882 3053 ad

353 3083 547 3158 orientales
605 3080 705 3159 ndias
739 3081 773 3160 se
808 3083 1045 3181 protendunt.
1082 3081 1169 3157 Non
1196 3076 1411 3155 obstantibus
1444 3078 1758 3181 quibuscumque.
1794 3083 1883 3160 Errat

356 3201 448 3263 tom.
480 3180 538 3262 18.
563 3182 699 3264 bullar.
724 3183 965 3282 Luxemburg.
991 3183 1035 3262 C.
1063 3204 1123 3282 53.
1152 3181 1282 3281 Incipit
1306 3184 1394 3258 Cum
1419 3207 1543 3282 nuper.

724 3385 1518 3469 ADNOTATIONES.

334 3660 351 3689 ,
408 3593 476 3680 (l)
500 3591 681 3689 Regulares
707 3591 909 3666 dumtaxat.
936 3589 1023 3666 Huc
1048 3616 1124 3666 non
1149 3586 1196 3665 fic
1224 3589 1380 3686 intellige
1401 3586 1500 3687 quast
1526 3590 1565 3665 in
1591 3588 1715 3668 sndiIs
1743 3593 1882 3670 occides

355 3691 486 3771 talibus
510 3694 684 3789 regulares
708 3687 773 3768 soli
799 3692 1019 3792 parochias,
1052 3693 1248 3783 dostrinas,
1284 3690 1423 3791 aliaque
1447 3693 1573 3767 munia
1602 3697 1651 3768 ad
1697 3697 1885 3772 animarum

356 3817 482 3871 euram
518 3794 730 3890 pertinentia
768 3793 1014 3872 obtineant&
1051 3791 1293 3870 administrent
1330 3818 1413 3868 eum
1437 3793 1658 3870 omnimoda
1702 3797 1886 3875 exclusione

353 3897 441 3972 cleri
465 3894 657 3971 saecularis.
684 3896 814 3991 Nulla,
842 3897 970 3989 credo,
995 3892 1153 3972 dioecesrs
1176 3893 1224 3971 est
1264 3897 1396 3993 inqua
1425 3895 1568 3993 parochi
1596 3895 1797 3977 surculares
1830 3922 1887 3974 non

355 3996 427 4074 fint
453 3999 651 4096 complures
676 4000 914 4096 complurium
940 3997 1187 4096 parochiarum
1212 3993 1278 4071 soli
1305 3998 1472 4072 restores.
1509 3997 1558 4073 Et
1586 3999 1626 4073 in
1669 4000 1888 4080 Tueumanis

353 4101 498 4201 quidem
523 4121 682 4199 tempore
707 4101 800 4175 datae
825 4096 999 4199 praesentis
1024 4098 1286 4174 constitutionis
1310 4119 1433 4196 praeter
1459 4123 1590 4198 paucas
1618 4099 1814 4182 Indorum
1838 4129 1887 4180 no

354 4227 415 4276 vas
441 4202 680 4294 redusiiones,
703 4226 829 4276 ornnes
855 4228 915 4300 per
939 4200 1146 4278 lariffimam
1169 4197 1348 4277 dioecesnn
1373 4200 1548 4299 parochiae
1570 4226 1685 4282 erant
1713 4211 1825 4308 pean
1845 4206 1889 4281 ss·

351 4304 489 4399 culares
514 4302 680 4394 clericos,
718 4322 758 4378 ut
793 4301 903 4381 fidem
936 4301 1024 4378 facit
1051 4303 1107 4378 lll.
1135 4303 1354 4401 Argandoria
1391 4304 1429 4379 in
1452 4303 1602 4402 epistola
1634 4310 1688 4384 ad
1725 4307 1888 4388 Sandirh

352 4404 550 4583 muquade
573 4429 642 4523 qua
668 4403 760 4482 Ord.
785 4405 853 4508 seq.
881 4405 926 4481 In
950 4402 1164 4483 Bonaereufi
1189 4405 1305 4482 vicina
1323 4429 1450 4484 ornnes
1474 4406 1610 4504 pariter
1632 4412 1698 4488 vel
1724 4410 1804 4490 fers
1821 4435 1888 4514 prat·

349 4526 405 4586 ter
516 4531 675 4584 ranrcas.

456 4609 528 4687 Sed
562 4611 720 4708 praedissa
756 4609 896 4703 verba,
931 4610 1054 4709 utique
1079 4606 1268 4686 secundum
1306 4608 1511 4709 exponentis
1548 4616 1585 4691 ὁ(
1624 4616 1886 4698 constitutionis

353 4732 512 4788 mentem
538 4709 585 4786 sre
611 4713 790 4811 intellige,
816 4733 856 4789 ut
883 4738 965 4788 cum
991 4714 1113 4788 multae
1139 4709 1208 4787 srnt
1236 4713 1411 4809 parochiae
1446 4719 1483 4793 dr
1516 4712 1699 4796 dostrinae
1728 4719 1885 4800 saeruhri

348 4808 414 4891 bus
440 4813 594 4905 clericis,
619 4814 740 4891 multae
764 4815 877 4892 etiam
903 4812 971 4889 sint
995 4813 1208 4912 regularibus
1233 4821 1268 4891 δι
1293 4818 1315 4890 d
1341 4810 1422 4890 solis
1455 4815 1524 4892 illis
1549 4815 1756 4919 respersis&
1795 4824 1884 4903 adni-

351 4910 527 4990 nistrarae.
552 4912 607 4991 Ex
633 4913 799 4992 instantia
826 4915 921 4993 certe
954 4914 1215 5015 Archiepiscopi
1242 4914 1423 4995 Mexicsni
1461 4943 1561 4996 anno
1590 4945 1716 5018 1722.
1758 4921 1884 5006 disculh

349 5014 391 5097 in
415 5015 524 5096 Sacra
548 5015 868 5119 congregatione,
900 5022 938 5102 dt
969 5019 1009 5098 in
1032 5018 1102 5102 bac
1125 5017 1381 5110 constitutione
1414 5021 1550 5120 citata,
1585 5048 1698 5125 patet
1738 5028 1883 5112 suilleiu

1812 5157 1855 5213 ea
