3856 5678
536 280 1045 412 Arosronrcrs.
1088 328 1213 408 1600.
1268 339 1376 427 1650.
1591 329 1670 427 389

182 484 267 583 pites
305 424 491 553 conforme
530 474 733 552 idereclro
758 500 807 551 no
847 475 966 548 tienen
992 473 1193 570 obligacion
1231 469 1462 568 &pagarlom
1497 495 1521 565 y
1555 470 1717 568 especial-

181 601 303 661 mente
330 584 385 654 los
410 579 538 653 ludios.
566 579 615 652 Et
641 580 698 652 lex
725 602 786 651 22.
814 578 919 651 ibid:
946 580 1171 674 Encargamor
1195 600 1263 671 que
1288 571 1446 670 guarden
1471 572 1520 646 lo·
1545 575 1718 672 dispueslo

182 710 249 783 por
275 685 308 757 el
335 683 450 756 Santo
489 680 658 755 Concilio
697 681 743 752 de
766 680 929 766 Tremo,
966 680 1068 771 ylos
1101 675 1287 750 Concilios
1324 672 1559 750 provinciales
1595 678 1717 753 delas
1852 692 1859 703 ·

181 786 305 861 Indiae
330 808 375 858 en
401 807 509 856 razon
536 783 579 854 de
606 807 655 854 no
680 782 789 854 llevar
813 778 984 853 derecbos
1010 802 1053 850 en
1081 779 1131 850 las
1170 774 1287 849 visitas
1313 800 1379 871 qne
1405 776 1560 851 hiciercn
1595 777 1639 850 de
1666 779 1720 852 las

179 885 348 986 Iglesras,
375 910 398 979 y
423 884 614 972 hermitas,
641 881 679 954 ni
705 881 829 955 recibir
856 878 1034 971 comidas,
1061 881 1098 953 ni
1126 880 1293 975 proceder
1316 894 1429 950 contra
1455 880 1562 975 legor.
1589 876 1637 953 Et
1658 879 1717 954 lex

181 990 244 1085 2'9.
272 988 352 1061 ibid.
380 981 538 1071 Nursiras
565 983 778 1059 Audiencias
803 981 1001 1080 despachen
1029 978 1273 1078 provisiones,
1310 984 1463 1076 puraque
1489 983 1540 1052 los
1570 979 1718 1078 clerigos

181 1086 416 1191 yreligiosos
441 1087 540 1159 noles
565 1084 677 1161 echen
702 1086 885 1161 derrama's
901 1084 970 1173 ·,(¹a
996 1085 1050 1159 los
1074 1081 1225 1172 ludios)
1252 1082 1273 1155 a
1301 1084 1407 1157 titulo
1432 1081 1491 1156 del
1521 1081 1621 1180 gasto
1647 1104 1716 1180 que

177 1192 296 1271 bacen
322 1215 392 1266 eon
417 1192 470 1265 los
494 1186 677 1286 Obispos,
717 1184 965 1278 Vifitadores,
1001 1182 1291 1259 bProvinciales
1317 1185 1360 1259 de
1394 1184 1447 1257 las
1482 1181 1665 1279 Ordenes,
1691 1182 1719 1257 b

180 1292 354 1373 derechos
376 1291 421 1367 de
446 1287 585 1383 Vifita,
613 1314 752 1389 uunque
773 1290 830 1363 'los
858 1288 979 1361 Indios
1004 1288 1042 1361 lo
1068 1284 1138 1361 den
1162 1286 1489 1365 voluntariumente.
1584 1279 1589 1295 “

501 1487 1080 1570 ORDINATIO
1175 1488 1389 1567 CCL-XXV.

528 1638 530 1642 ·
734 1596 844 1671 Anno
873 1598 983 1689 1629.
1014 1599 1073 1667 16.
1099 1589 1119 1689 J
1145 1592 1171 1666 l.

183 1798 803 1984 UTkAlogustinianidomorum
840 1798 882 1876 B.
909 1797 1037 1873 Mariae
1063 1798 1102 1873 de
1124 1801 1159 1872 la
1184 1802 1214 1873 C
1213 1799 1376 1873 antidana
1387 1784 1407 1892 ‚¹
1436 1775 1570 1875 santia
1589 1796 1717 1875 Crucis

424 1911 533 2002 Papa,
560 1901 597 1978 S.
622 1900 761 2001 Josephi
789 1903 825 1975 de
850 1910 1001 1975 Panamu
1037 1902 1075 1975 in
1101 1899 1214 1977 indiis
1244 1901 1521 1977 occidentalibus
1556 1900 1718 1998 Congre-

206 2007 319 2084 ationi
346 2006 598 2104 Hispaniarum
627 2026 859 2104 aggregentur
883 2002 943 2078 sub
970 2003 1140 2102 gubernio
1164 2003 1318 2096 ejusdem
1343 2003 1478 2081 Vicarii
1504 2001 1712 2077 Generalis.

183 2030 242 2187 sta
271 2130 414 2200 tamen,
440 2127 481 2183 ut
508 2106 635 2206 poffint
660 2131 839 2182 recurrere
863 2107 974 2181 etiarn
1001 2129 1062 2205 per
1088 2106 1183 2180 viam
1209 2105 1455 2203 appellationis
1482 2105 1528 2179 ad
1554 2101 1715 2205 Priorem

182 2209 396 2286 Generalem
422 2209 503 2284 dieti
528 2207 698 2299 Ordinis,
725 2234 890 2287 necnon
916 2208 1114 2284 adsedem
1141 2206 1384 2306 apostoticam
1408 2204 1536 2284 omisso
1572 2207 1717 2281 medi0.

181 2307 296 2390 Extat
322 2314 360 2388 in
385 2309 520 2388 Bullar.
545 2308 701 2385 Cherub.
727 2310 837 2386 Tom.
864 2307 1077 2384 1V.C0nst.
1108 2331 1190 2385 102.
1217 2307 1376 2388 Urbani.
1404 2309 1496 2386 Vide
1519 2305 1611 2385 Ord.
1629 2332 1715 2405 150.

478 2505 1058 2609 ‚ORDINATIO
1116 2509 1358 2591 CCLXXVI.

712 2612 821 2688 Anno
850 2619 960 2713 1629.
1001 2633 1058 2712 15.
1094 2611 1192 2714 Sepr.

280 2818 442 2899 Urbanus
467 2819 572 2899 VIII.
611 2820 657 2901 ad
692 2824 894 2902 vicennium
928 2826 1134 2926 prorogavit
1159 2818 1349 2902 facultates
1384 2823 1428 2900 de
1453 2820 1577 2923 quibus
1613 2818 1718 2918 supra
1811 2852 1814 2859 ·

306 2950 402 3000 anno
431 2933 541 3002 1610.
571 2949 630 3003 11.
651 2927 750 3004 Febr.
772 2927 904 3026 incipit
929 2930 1134 3004 Animarum
1150 2926 1277 3021 saluti.
1304 2928 1415 3007 Extat
1433 2928 1527 3026 apud
1552 2921 1720 3020 RQtin·

175 3025 401 3102 tanaduerias
427 3031 482 3116 (a)
507 3029 567 3124 qui
593 3028 685 3102 inter
711 3031 783 3105 alia
807 3047 948 3105 notate.
982 3054 1014 3102 1.
1040 3026 1225 3119 Ejusmodi
1250 3031 1431 3125 privilegia
1457 3027 1636 3124 suffragari
1657 3052 1720 3124 per

178 3128 550 3203 communicationem
574 3129 753 3203 ordinibus
780 3132 878 3203 aliis.
904 3126 1023 3223 Quod·
1039 3128 1219 3224 intellige,
1245 3128 1312 3203 nisr
1342 3128 1485 3223 speciali
1520 3130 1718 3205 ordinatio-

179 3253 227 3303 ne
255 3229 537 3303 communicatio
564 3229 746 3305 interdista
773 3227 835 3321 fit,
862 3248 902 3304 ut
928 3230 1030 3325 supra
1055 3229 1209 3304 Ordines
1235 3246 1406 3304 notatum
1432 3227 1481 3302 est
1516 3227 1606 3301 Ord.
1629 3250 1714 3324 240.

178 3328 229 3406 Er
254 3328 319 3403 nisi
346 3331 384 3403 in
410 3330 599 3427 principali
621 3328 790 3422 subicito,
817 3332 875 3406 cui
900 3327 1060 3405 concessa
1087 3328 1188 3424 sunt,
1217 3330 1263 3406 ob
1289 3329 1540 3420 cassationem,
1567 3328 1622 3402 vel
1640 3327 1718 3426 sup·

178 3430 391 3533 preffionem
417 3430 646 3526 cessaverint,
674 3458 719 3508 ne
743 3430 877 3510 scilicet
902 3434 981 3533 plus
1006 3433 1148 3508 dicatur
1173 3434 1484 3508 communicatum
1509 3447 1720 3530 quamcun-

181 3534 332 3610 cessum.
362 3559 396 3609 2.
424 3535 466 3609 st
475 3537 739 3633 prorogationis
762 3536 892 3611 notitia
919 3537 964 3610 ad
990 3538 1170 3635 operarios
1195 3536 1333 3610 indicos
1358 3534 1477 3634 elapso
1500 3536 1574 3627 iam
1599 3534 1719 3609 vicen·

180 3638 244 3711 nio
271 3637 497 3733 precedentis
523 3635 754 3713 concessionis
791 3639 1005 3735 perveniat,
1040 3662 1178 3716 novum
1204 3639 1407 3712 vicennium
1436 3638 1456 3711 a
1481 3637 1539 3713 die
1566 3637 1718 3736 ‚accepti

178 3740 297 3814 nuntii
312 3747 433 3831 ,'non
469 3739 491 3813 it
524 3740 581 3815 die
605 3741 699 3831 datae
723 3741 1006 3837 computandum
1040 3737 1108 3817 else
1130 3795 1143 3831 ,
1167 3764 1254 3814 nam
1279 3741 1460 3834 ignoranti
1498 3734 1573 3816 non
1606 3740 1718 3814 currit

182 3858 351 3938 tempus.
387 3840 436 3915 Et
461 3840 534 3915 hoc
559 3842 719 3939 intellige
755 3843 901 3940 quando
927 3840 1104 3916 concessio
1128 3838 1169 3913 fit
1209 3838 1256 3912 ad
1281 3836 1485 3913 vicennium
1521 3840 1717 3934 absolute,
1850 3903 1855 3909 .

179 3947 406 4019 nontamen
432 3939 458 4015 sr
485 3941 635 4018 addamr
660 3944 944 4041 computandum
969 3936 1035 4015 esse
1063 3944 1083 4013 a
1108 3940 1168 4013 die
1193 3939 1306 4029 data,
1331 3941 1386 4011 vel
1413 3941 1433 4010 a
1459 3939 1516 4012 die
1536 3966 1608 4036 quo
1631 3966 1716 4015 con·

181 4041 292 4119 cellro
318 4046 510 4142 praecedens
535 4047 690 4144 expiret.
720 4064 755 4141 3.
782 4041 967 4143 Privilegia
993 4038 1165 4132 ejusmodi
1189 4034 1313 4116 effeetu
1330 4051 1450 4115 carere
1473 4040 1588 4117 donec
1613 4042 1718 4119 inno-

181 4148 589 4243 tescant'privilegiato.
617 4146 676 4222 Ita
704 4147 785 4221 ille.
1477 4210 1482 4221 ,

186 4260 192 4275 ·
285 4243 389 4321 Licet
416 4246 505 4325 vere
533 4240 722 4349 pleraque*
735 4248 916 4347 privilegia
953 4248 991 4323 in
1025 4246 1081 4323 bis
1113 4242 1251 4324 Urbani
1288 4247 1419 4323 litteris
1441 4243 1572 4323 eisdem
1605 4246 1720 4325 verbis

182 4362 359 4446 concepta
383 4345 474 4443 sint,
498 4353 625 4449 quibus,
647 4352 684 4427 in
711 4351 836 4425 litteris
862 4349 965 4425 Pauli
989 4347 1061 4442 V.;
1100 4352 1217 4448 aliqua
1254 4368 1377 4435 tamen
1403 4347 1475 4426 srve
1510 4351 1718 4448 restringen-

181 4453 254 4543 do,
281 4449 353 4526 srve
376 4449 615 4548 declarando,
642 4451 714 4529 srve
740 4452 947 4549 ampliando
974 4450 1179 4545 adduntur,
1205 4453 1243 4526 in
1268 4453 1514 4546 posterioribus
1550 4477 1719 4551 proroga·

181 4553 343 4649 tionibus
364 4550 657 4649 conservata.''1.
684 4554 861 4630 facultati
885 4550 1108 4651 dispensandi
1148 4557 1192 4627 ad
1216 4553 1488 4627 matrimonium
1529 4557 1566 4629 in
1599 4546 1718 4651 gradi-

180 4657 249 4732 bus
272 4654 459 4751 prohibitis
484 4651 665 4746 concessa,
691 4650 837 4753 quando
860 4678 936 4729 non
962 4651 1088 4731 adsunt
1113 4655 1284 4730 ordinarii
1312 4652 1464 4727 similem
1502 4652 1748 4729 facutrarem.

182 4753 377 4853 habentes,
404 4757 572 4836 addittu:
604 4754 673 4831 Vel
687 4757 791 4834 -intra
817 4757 906 4832 duas
941 4756 1055 4832 dietas
1078 4756 1178 4848 juxta
1214 4752 1338 4850 Consi.
1365 4754 1465 4832 Pauli
1491 4754 1610 4833 Tertii
1642 4754 1720 4830 edi-

181 4985 1727 5017 ..amman—mm

221 5093 408 5176 (alstanu-
427 5113 468 5160 tt·
486 5108 516 5160 ί.
534 5102 578 5166 De
597 5101 704 5163 Prtu't.
723 5100 788 5161 lad·
801 5107 871 5175 fing-
893 5121 920 5159 ²·
941 5105 979 5160 θ’
993 5101 1054 5174 Μ·
