3856 5678
525 297 1033 399 Asosrogticiii.
1088 304 1198 395 1650.
1253 321 1363 395 1700.
1569 318 1666 411 ⁶47⁸7·

188 444 314 546 possint
327 438 498 518 Custodes
524 464 584 538 per
608 437 644 515 se
670 441 726 514 vel
753 463 814 536 per
841 440 928 514 alios
954 435 1131 513 absolvere
1152 432 1342 537 professos,
1369 441 1544 532 novitios,
1570 449 1608 520 bt
1627 469 1713 520 con·

188 546 302 622 versos
329 546 373 619 ab
399 540 564 616 omnibus
589 541 722 616 delidis
746 542 857 614 etiam
883 541 1070 615 contentis·
1098 541 1135 615 in
1159 538 1266 617 Bulla
1300 537 1424 617 Curiae
1449 563 1570 639 praeter
1605 547 1713 622 haere-

189 647 276 741 sini,
303 644 600 740 conspirationem
625 644 663 714 iu
688 643 897 719 Romanum
921 638 1155 731 Pontificem,
1182 641 1408 732 injeuionem
1444 668 1617 721 manuum
1642 649 1714 720 vio·

186 755 366 825 lentarum
392 747 428 818 in
456 747 636 840 praelatos,
663 744 880 841 delationem
906 742 1164 839 prohibitorum
1192 743 1236 816 ad
1262 739 1453 833 infideles,
1488 741 1715 841 filiationem
1743 777 1752 793 ·

188 851 390 924 litterarum
417 843 712 940 apostolicarum:
739 862 846 941 utque
873 844 1116 939 predicatores
1140 849 1176 920 ὅ(
1200 839 1409 919 consessores
1433 841 1540 920 semel
1569 844 1718 944 praeseri·

190 951 259 1029 tati
284 973 360 1022 non
389 966 596 1037 teneantur,
621 969 689 1019 nec
714 962 887 1043 cogantur
912 941 1110 1041 prasentari
1136 946 1267 1020 iteruin
1293 968 1415 1021 coram
1436 948 1625 1023 'ordinario
1660 946 1718 1023 vel

170 1046 528 1143 'successorepssrevi
553 1046 643 1122 Sinti
670 1047 715 1119 V.
745 1067 802 1143 15.
827 1044 924 1119 Nov.
954 1045 1088 1142 1587.‚
1112 1066 1154 1120 ut
1177 1044 1341 1121 Minister
1367 1049 1555 1145 provincia
1579 1048 1720 1126 S.Gre··
1745 1046 1752 1055 '

187 1149 410 1252 gorii'polsit
434 1140 565 1244 erigere
591 1148 717 1223 domos
743 1149 779 1221 in
804 1145 1076 1245 quibuscumque
1103 1149 1201 1223 terris
1225 1151 1262 1225 dt
1286 1149 1522 1226 determinare
1549 1153 1643 1226 duas
1669 1149 1719 1226 fe·

189 1255 385 1345 divitates,
412 1249 597 1348 inquibus
624 1246 743 1323 fideles
770 1248 966 1345 plenariam
992 1248 1254 1344 indulgentiam
1279 1247 1568 1350 consequantur.
1606 1252 1674 1327 His
1700 1307 1713 1344 ,

190 1358 361 1453 iuquam,
384 1350 547 1427 exhibitis
570 1349 759 1441 Brevibus,
774 1348 959 1448 praedidus
984 1346 1254 1428 Protonotatius
1279 1354 1436 1429 deceruit
1461 1352 1747 1447 observantiam

182 1457 339 1545 deberi,
365 1452 468 1530 &ad
494 1477 650 1551 unguem
674 1449 741 1526 esse
768 1452 1053 1548 adimplendam.
1081 1451 1192 1528 Extat
1218 1450 1563 1533 illiu'sMonitorium
1589 1454 1723 1534 inBul·

194 1561 288 1634 lario
314 1551 609 1652 luxemburgensi
631 1553 739 1645 ‘inter
776 1550 982 1627 innocentii
1007 1550 1077 1628 XI.
1111 1551 1381 1633 constitutiones
1414 1580 1512 1634 num.
1540 1554 1619 1635 XV.
1653 1552 1724 1633 Sed

192 1684 277 1736 cuin
301 1654 367 1748 sit,
394 1673 435 1746 ut
459 1653 494 1731 se
519 1657 684 1730 nominat
718 1652 884 1746 Cursius,
923 1674 1040 1729 merus
1064 1675 1235 1732 executor
1272 1659 1476 1735 litteranim
1514 1657 1726 1759 apostolica·

192 1786 298 1852 rum,
325 1760 382 1853 cui
407 1776 448 1832 ut
476 1758 539 1831 tali
564 1757 616 1845 jus
642 1757 780 1854 nullutn
803 1754 854 1829 est
890 1753 1055 1851 quassata·
1071 1756 1315 1851 revilidandi,
1351 1759 1517 1836 omnium
1553 1757 1726 1858 significa·

193 1883 316 1942 torum
341 1858 511 1935 Breviuin
536 1858 728 1932 credendus
752 1853 801 1931 est
827 1853 1085 1948 observantiam
1110 1858 1321 1952 decernere,
1347 1881 1522 1960 quatenus
1548 1865 1723 1960 vigeant,

194 1986 308 2063 neque
332 1987 393 2062 per
420 1957 689 2036 constitutiones
714 1956 803 2035 alias
828 1977 1008 2033 revocata·
1022 1960 1077 2034 vel
1104 1957 1256 2039 restricta
1281 1958 1370 2039 lint.

555 2160 1158 2241 ‚ORDINATIO
1259 2163 1400 2243 CDV.·
1521 2203 1524 2210 ·

454 2343 456 2348 ,
646 2274 659 2287 “
747 2308 751 2315 -
837 2265 946 2338 Amo
980 2263 1092 2360 1684.
1310 2352 1330 2407 l

294 2468 331 2547 T
369 2489 453 2542 etun
487 2465 585 2541 nulla
620 2466 659 2540 in
693 2481 775 2541 toto
808 2484 919 2563 regno
952 2461 1113 2541 Chilensi
1148 2467 1341 2565 reperiatur
1355 2464 1575 2547 jimiverlitas
1611 2466 1731 2545 studit·

319 2566 530 2658 Genera-lis,
554 2567 658 2642 Prior
681 2565 1084 2643 ProvincialirOrdinis
1107 2564 1405 2663 Praeuciiomm,
1430 2573 1485 2647 vel
1510 2594 1556 2648 eo
1589 2564 1733 2651 absente

197 2669 302 2748 Prior
326 2669 533 2746 Conventus
558 2665 699 2747 Rosarii
723 2668 841 2744 Sandii
867 2666 991 2764 Jacobi
1016 2668 1289 2770 quibuscumque
1314 2671 1495 2766 studiosis,
1521 2673 1580 2772 qui
1611 2669 1732 2767 Philo-

197 2770 328 2870 sophia
355 2793 416 2847 aut
442 2771 651 2869 Theologiae
677 2766 853 2863 Moralis,
881 2788 944 2847 aut
969 2766 1196 2848 Scholastica
1207 2770 1360 2853 Cursum
1386 2778 1607 2873 peregerint,
1628 2774 1734 2848 dum·
1765 2767 1772 2781 ’

198 2874 311 2948 modo
337 2874 467 2970 praevio
492 2870 653 2971 rigoroso
679 2872 841 2947 examine
863 2872 1085 2969 reperiantur
1111 2875 1228 2951 idonei
1240 2928 1253 2970 ,
1278 2874 1407 2974 gradus
1444 2874 1669 2953 scholasticos
1695 2876 1734 2949 iii

199 2974 368 3074 praedidiis
394 2973 546 3048 scientiis
571 2969 734 3049 conserte
760 2976 874 3048 valeat
902 2974 950 3049 ad
975 2976 1178 3072 quindecim
1206 3001 1342 3052 anuos.
1369 2977 1481 3055 Extat
1507 2981 1545 3054 in
1571 2977 1731 3053 archivio

198 3075 355 3168 Collegii
381 3071 652 3165 Cordubensis,
688 3075 783 3173 quod
818 3071 887 3147 suit
912 3074 1102 3163 Societatis
1137 3073 1219 3170 Jesu
1245 3078 1282 3150 in
1306 3078 1532 3154 Tucumania
1558 3133 1565 3150 .
1605 3077 1735 3173 incipit

201 3177 362 3272 Experti.
400 3193 437 3246 ε
474 3174 525 3249 Et
552 3193 611 3270 30.
652 3170 748 3272 Sept.
775 3172 880 3262 hujus
917 3174 1170 3272 anninprodiit
1207 3174 1414 3253 con'llitutio
1441 3182 1509 3252 alia
1535 3205 1604 3275 qua
1640 3178 1738 3251 idem

201 3274 411 3352 conceditur
437 3272 510 3349 fine
536 3275 691 3350 termino
715 3272 894 3372 quousque
922 3276 1040 3372 aliqua
1066 3274 1170 3373 studii
1184 3281 1355 3374 generalis
1382 3277 1589 3353 universitas
1615 3278 1738 3354 inRe-

200 3403 274 3479 gno
300 3374 460 3452 Chilensi
484 3377 695 3474 erigeretur.
723 3376 834 3451 Extat
860 3376 1013 3469 ibidem,
1040 3379 1232 3476 incipitque
1258 3378 1489 3457 Emanaruiitz
1516 3379 1653 3454 ibidem
1685 3397 1739 3455 et·

201 3483 278 3557 iam
304 3495 402 3554 extat
428 3480 471 3552 de
496 3478 648 3554 Senatus
673 3478 778 3575 Regii
806 3477 1155 3575 permissione'sides.
1182 3481 1236 3556 Ea
1264 3500 1385 3556 tamen
1410 3484 1487 3581 lege
1520 3482 1740 3581 permittitur

202 3580 305 3668 huius
329 3577 511 3655 facultatis
535 3576 636 3673 usus,
659 3579 855 3675 ut'gradus
880 3575 1033 3654 conferri
1059 3601 1238 3678 nequeant
1273 3584 1346 3677 iis,
1379 3584 1438 3682 qui
1467 3583 1510 3656 ab
1536 3584 1606 3661 alia
1642 3582 1739 3658 Reli·

204 3682 310 3859 qqone
336 3681 589 3779 reprobentur:
616 3703 682 3757 nec
719 3678 847 3776 possint
871 3677 1027 3784 conferri
1064 3680 1200 3779 publici:
1224 3686 1261 3760 dc
1286 3681 1516 3777 solemniter,
1550 3682 1611 3762 sed
1637 3687 1736 3760 clau·

241 3784 383 3860 taliter.
598 3798 601 3803 “
735 3854 741 3861 .
1049 3850 1051 3855 .
1164 3804 1174 3819 “
1506 3790 1509 3795 ’
1649 3792 1652 3797 ’

525 3899 529 3907 ’
603 3880 1111 3965 ORDINATIO·
1191 3879 1409 3957 CDVI..

362 4032 366 4037 -
739 3982 849 4057 Anno
878 3977 988 4079 1⁶85.
1019 3990 1079 4061 26.
1105 3980 1218 4059 Mart.

252 4185 474 4268 Nnocentius
498 4182 565 4270 xl.
592 4187 817 4268 confirmavit
842 4189 1037 4271 decretum¹
1052 4188 1172 4268 Sacrae
1194 4190 1347 4270 Rittium
1367 4189 1667 4292 Congregationis
1681 4214 1741 4272 ιο.

278 4291 463 4395 Februarii
483 4294 587 4384 huius
614 4294 697 4372 anni
726 4294 770 4369 ad
798 4290 955 4371 savorem
982 4290 1131 4370 Parrum
1156 4292 1486 4371 Dominicanorum
1513 4318 1591 4371 tiim
1626 4293 1745 4395 quoad

207 4394 482 4495 precedentium
506 4397 609 4494 supra
634 4395 756 4472 Patres
780 4394 817 4468 S.
843 4392 1017 4469 Francisci
1044 4396 1088 4470 de
1114 4392 1332 4471 observantia
1360 4400 1397 4471 in
1423 4400 1586 4473 omnibus
1614 4399 1746 4472 adibus

207 4498 354 4596 publicis
380 4502 416 4574 bt
443 4496 735 4594 processionibus,
754 4516 841 4591 ‘tum
864 4498 983 4595 qiio'ad
1008 4497 1060 4586 jus
1085 4499 1273 4593 peragendi
1300 4496 1553 4592 processionem
1590 4501 1627 4573 iii
1664 4497 1745 4571 Do·
1791 4535 1794 4539 v

209 4601 345 4677 minica
373 4598 464 4676 insra
490 4602 655 4674 oslavam·
676 4596 848 4695 Corporis
864 4594 1005 4672 ¹Chrilli
1032 4597 1203 4693 privativi
1237 4596 1358 4692 quoad
1384 4594 1506 4671 Patres
1542 4592 1745 4670 Francisca·

208 4726 301 4791 nos,
317 4706 363 4790 ¹‚bt
388 4700 567 4800 signanter
595 4701 631 4774 iii
657 4702 804 4775 civitate
826 4694 1011 4795 Qiitensr.
1037 4696 1184 4795 Insuper
1209 4697 1416 4789 declarato,
1438 4699 1548 4772 licere
1584 4695 1760 4791 Patribus

209 4801 455 4895 franciscanis
488 4806 615 4880 eadem
642 4804 698 4877 die
725 4799 819 4877 insra
852 4802 1017 4877 edievam
1053 4792 1224 4895 Corporis
1249 4795 1380 4875 Christi
1419 4794 1535 4875 facere
1562 4798 1748 4897 processio-

199 4929 296 4981 ·nem
323 4904 416 4979 intra
441 4905 590 4984 claustra
616 4902 823 4981 Conventus
847 4899 1082 4983 bt'ecclesiae.
1109 4900 1220 4987 Extat
1246 4899 1746 4994 uissullar.Rom.iom.VI11.

211 5007 256 5087 C
288 5028 375 5107 152.
402 5005 533 5107 Incipit
558 5009 777 5085 Emona-vit.
822 5068 826 5075 .
1615 5103 1694 5183 OR
