3856 5678
1142 130 1270 177 s*
1328 133 1331 136 a

402 377 909 457 hrosrorrcn.
965 395 1071 472 17oo
1128 381 1241 472 1766.
1415 381 1584 495 oras<

53 547 97 600 ca
123 519 263 597 dioecesr
297 519 874 620 centron-quadraginta·novem
899 515 1086 616 parochias
1110 515 1324 618 regularium
1348 569 1359 608 ,
1386 535 1433 591 ex
1458 515 1585 613 quibus

55 628 131 700 vult
157 623 338 722 sexaginta
366 623 410 697 ad
436 624 582 698 clericos
608 622 786 696 saectslares
814 624 1022 696 translatas.
1049 618 1178 696 Praeter
1203 618 1270 699 bas
1295 639 1416 693 autem
1441 623 1477 696 dr
1499 616 1582 695 suas

54 727 186 804 habent
213 726 337 799 ctaerici
363 721 546 799 saeculares
569 727 750 822 proprias.
1135 743 1136 747 ’
1215 784 1219 811 ,

108 834 191 918 (tt)
216 828 390 900 Monachus
415 822 457 903 {5
478 827 665 924 regulares.
690 820 863 920 Quamvis
889 824 1066 921 regulares
1088 814 1217 901 omnes'
1239 821 1294 898 vel
1319 816 1393 896 ferie
1417 845 1544 896 omnes
1571 873 1588 916 ,

55 929 243 1031 prasertim
270 929 306 1001 in
330 927 467 1001 ditione
495 928 697 1001 americana
723 929 831 1023 Regis
852 924 1058 1017 Catholici,
1084 925 1325 1001 mendicantes
1351 927 1387 1000 dt
1412 948 1485 997 non
1505 946 1582 997 mo·

55 1032 161 1107 nachi
189 1028 303 1104 stridit¹
324 1025 555 1126 sumptistnt,
584 1026 642 1101 seu
668 1028 870 1104 monasticar
895 1027 974 1102 vitae
1001 1023 1225 1124 professores,
1252 1024 1335 1099 satis
1362 1021 1404 1100 sat
1432 1025 1476 1109 ad
1501 1024 1584 1098 obe·

55 1133 224 1208 adiendum
238 1184 250 1223 ,
275 1130 371 1229 quod
400 1156 420 1205 a
446 1130 596 1205 Stunmo
622 1128 796 1204 Pontifice
822 1131 867 1204 ad
892 1126 1053 1206 effecum
1080 1130 1221 1226 dequo
1247 1128 1385 1225 agitur,
1419 1151 1482 1222 pro
1508 1149 1587 1201 uno

55 1237 251 1333 eodemque
275 1232 446 1307 habeatur
481 1229 677 1306 monachus
714 1234 750 1308 ὅ(
775 1233 941 1329 regularis
965 1232 1025 1329 qui
1060 1228 1258 1304 monachus
1293 1253 1368 1301 non
1407 1224 1485 1301 stt.
1522 1227 1585 1302 De

56 1353 185 1410 caetero
211 1336 281 1409 alia
305 1331 354 1408 est
378 1334 476 1410 ratio
499 1334 547 1410 de
579 1331 762 1407 monachis
799 1358 842 1407 ac
867 1333 910 1406 de
937 1329 1238 1422 mendicantibus,
1272 1327 1359 1404 sicut
1385 1334 1421 1407 dt
1454 1329 1499 1402 dc
1525 1353 1585 1409 ca·

56 1437 197 1513 nonicis
222 1432 460 1534 regularibus,
486 1456 526 1510 ut
552 1436 726 1532 ponderat
751 1433 965 1520 Solorzanus
990 1439 1063 1524 (a)
1102 1435 1187 1507 dum
1216 1432 1285 1506 ait:
1321 1433 1371 1505 Lo.
1402 1443 1522 1505 terrere
1549 1427 1587 1504 se

22 1625 27 1632 x
58 1539 172 1637 puede
197 1534 396 1612 considerat
421 1562 466 1612 en
491 1534 594 1612 favor
620 1538 665 1610 de
689 1537 744 1610 los
768 1533 971 1633 religiosos,
995 1558 1062 1633 que
1096 1536 1149 1615 los
1176 1554 1293 1609 textos
1315 1557 1381 1631 que
1408 1535 1456 1607 les
1492 1531 1585 1629 proi·

31 1635 125 1715 ¹ben
150 1657 304 1744 vaguesar
329 1634 427 1712 fuera
453 1638 496 1712 de
523 1641 576 1712 los
601 1653 815 1727 conventos,
842 1660 978 1735 auoque
1097 1662 1182 1734 para
1208 1635 1329 1711 cuidar
1354 1635 1399 1707 dc
1435 1637 1546 1707 almas
1572 1686 1588 1726 ,

57 1740 192 1817 seban
218 1729 262 1814 de
287 1740 458 1815 entender
483 1737 527 1814 de
552 1743 801 1836 loomonges,
831 1765 898 1838 que
924 1763 988 1834 por
1023 1738 1063 1813 su
1082 1737 1249 1814 instituto
1275 1732 1448 1834 professata
1486 1733 1585 1808 estre·

58 1843 127 1918 cha
155 1837 343 1931 clausura,
371 1864 456 1937 pero
481 1866 531 1916 no
556 1840 600 1916 de
626 1841 680 1914 los
703 1842 968 1933 mendicantes,
993 1865 1015 1933 y
1041 1859 1141 1916 otros
1165 1864 1233 1939 que
1257 1864 1307 1913 no
1331 1842 1367 1914 la
1387 1833 1585 1937 prosessan,

57 1945 95 2017 ni
122 1942 158 2018 se
181 1942 305 2016 hallan
330 1941 535 2041 prohibidos
559 1943 603 2015 de
628 1942 664 2015 la
689 1966 774 2017 cura
801 1969 821 2036 y
849 1940 1006 2018 conuersa
1033 1941 1125 2017 nde
1151 1946 1203 2016 las
1229 1943 1366 2030 almas3
1394 1962 1493 2014 ames
1519 1963 1587 2035 por

57 2043 216 2119 derecho
239 2068 421 2137 comuny
455 2068 520 2142 por
544 2042 602 2118 sus
624 2043 854 2142 particulares
886 2044 1006 2142 privile
1032 2046 1084 2118 ios
1116 2047 1169 2119 les
1190 2041 1260 2118 'esta
1288 2045 1362 2117 mui
1398 2065 1587 2129 encomen-

56 2147 173 2237 dada,
199 2171 222 2241 y
250 2169 333 2240 para
359 2141 431 2218 esso
455 2144 490 2220 se
515 2143 721 2239 hicieron'y
746 2143 952 2237 fundaron,
974 2169 1082 2223 como
1106 2148 1144 2221 lo
1181 2143 1310 2233 ettsefia
1346 2144 1462 2220 Santo
1488 2143 1586 2218 'sho-

57 2272 135 2322 mas
162 2245 254 2337 (b),
283 2271 305 2339 y
330 2269 375 2319 en
400 2244 559 2322 nuestros
593 2247 765 2320 terminos
796 2251 829 2321 el
854 2243 894 2322 P.
920 2242 1057 2340 Acosta'
1083 2246 1316 2338 anadiendo,
1353 2272 1422 2344 que
1447 2270 1495 2320 no
1521 2243 1589 2319 son

58 2350 165 2422 visios
191 2347 368 2443 apartarse
392 2346 437 2419 de
463 2346 502 2421 su
529 2346 688 2420 instituto
714 2349 856 2444 quando
881 2347 915 2424 se
940 2349 1081 2444 ocupan
1106 2374 1153 2424 en
1176 2347 1266 2424 estos
1292 2371 1446 2443 cargos,
1471 2373 1493 2441 y
1517 2371 1586 2444 quc

59 2472 200 2544 attnque
232 2473 280 2521 no
317 2447 478 2548 tueletan
512 2447 687 2522 doslrinas
711 2449 893 2546 proprias,
935 2449 1111 2543 debi'any
1146 2449 1257 2525 doben
1295 2445 1480 2524 conforme
1506 2447 1526 2522 ὲ
1552 2448 1592 2523 el

59 2550 184 2623 aindar
210 2548 230 2620 ὲ
257 2550 308 2622 los
335 2572 401 2644 quc
426 2550 481 2623 las
504 2544 692 2641 tuvicsscn,
720 2576 745 2642 y
768 2552 787 2622 d
813 2550 867 2626 los
888 2547 1042 2648 Obispos
1063 2576 1108 2626 en
1136 2553 1186 2626 las
1207 2547 1439 2626 cmleffiones
1462 2574 1486 2644 y
1510 2573 1586 2648 pte·

56 2651 283 2741 dicaciones,
307 2655 328 2744 'y
355 2670 452 2726 otras
478 2649 655 2725 miffiones
680 2650 894 2749 espirituales
919 2679 964 2726 en
989 2675 1126 2752 quanto
1148 2654 1326 2752 pudiaffeu.
1453 2698 1458 2711 r

162 2750 363 2827 Discrimen
392 2753 483 2828 inter
518 2752 714 2829 monachos
749 2757 783 2830 dc
809 2754 1003 2830 canonicos
1029 2758 1200 2853 regulares
1225 2753 1367 2830 exhibet
1391 2733 1592 2863 CapJQuad

56 2856 143 2946 Dei,
168 2861 221 2928 De
245 2860 338 2927 Stat.
350 2855 563 2946 usurariam,
589 2856 686 2942 cujus
712 2877 963 2953 argumentum
985 2853 1057 2931 est:
1083 2860 1264 2933 Canonicar
1282 2855 1450 2953 regularis
1476 2850 1590 2952 potest

57 2955 184 3053 praefici
209 2953 362 3029 ecclesiae
390 2957 586 3052 parochiali
613 2957 726 3032 etiam
751 2957 924 3048 saeculari,
949 2955 1008 3033 sed
1031 2957 1133 3033 debet
1158 2959 1288 3044 habere
1315 2958 1432 3035 secum
1452 2953 1623 3031 socium*
1683 3018 1692 3023 .

51 3057 107 3132 ‘sui
134 3056 269 3134 ordinis
295 3054 321 3128 sr
347 3057 538 3131 conunode
559 3056 678 3152 potas.
713 3057 761 3132 Et
790 3060 828 3132 in
852 3077 950 3134 textu
975 3059 1128 3134 dicitur:
1158 3061 1253 3134 Licde
1279 3061 1320 3132 in
1353 3053 1590 3133 Lateranensa

58 3158 233 3234 Concilio
254 3158 299 3232 de
325 3158 514 3231 monachis
540 3178 730 3250 caveatur,
757 3184 805 3235 nc
829 3157 951 3257 finguti
979 3183 1040 3253 per
1066 3160 1166 3235 vittas
1190 3167 1229 3238 dt
1250 3161 1382 3258 oppida
1407 3183 1466 3260 per
1490 3155 1588 3258 quas-

60 3283 209 3358 cumque
235 3258 456 3355 parochiales
481 3282 660 3356 ponantur
684 3260 863 3336 ecclesias.
879 3314 910 3334 ..
937 3256 1034 3355 Qia
1062 3280 1185 3337 tamen
1211 3260 1300 3338 istud
1335 3261 1380 3337 de
1406 3262 1594 3339 canonicis

59 3359 275 3459 regu-laribus
300 3358 495 3456 specialiter
520 3386 592 3455 non
618 3384 829 3439 cavetur...
855 3367 892 3441 dt
917 3387 977 3460 per
1003 3363 1173 3460 antiquos
1193 3387 1348 3442 canones
1372 3365 1484 3440 etiam
1509 3387 1593 3439 mo·

59 3462 167 3536 nachi
196 3460 336 3557 possunt
374 3464 420 3536 ad
455 3461 680 3540 ecclestarttm
717 3463 979 3585 parochialium
1011 3466 1167 3559 regimen
1193 3465 1421 3544 ordinari...
1453 3463 1501 3539 sac
1527 3490 1590 3540 an-

58 3565 245 3640 nuendum
270 3564 442 3642 danimus
463 3562 676 3661 postulatis,
712 3588 752 3640 ut
777 3591 942 3642 exercens
964 3565 1101 3667 plebani
1137 3565 1322 3659 officium,
1348 3565 1377 3642 st
1400 3563 1595 3643 commode

59 3663 136 3743 fieri
164 3667 317 3763 poterit,
343 3692 454 3742 unum
480 3667 695 3742 canonicum
721 3671 917 3762 regularem
945 3688 1065 3742 tecum
1088 3667 1218 3747 habeas
1244 3672 1292 3746 ad·
1316 3672 1593 3759 cautelam,cu·

59 3757 176 3860 insin
203 3771 243 3843 iis
268 3794 345 3867 quae
372 3768 581 3862 Daisunt,
615 3775 651 3848 dt
684 3771 856 3866 regularis
876 3740 1136 3861 observantiae,
1164 3792 1243 3846 ram
1265 3768 1450 3846 consortio
1480 3795 1593 3867 quam

60 3868 191 3944 solatio
219 3866 429 3964 persruaris.
1035 3899 1038 3903 ’

165 3966 235 4045 Ubi
262 3992 374 4062 nota,
399 3994 459 4067 per
483 3973 636 4047 citatum
660 3967 725 4045 htc
749 3966 956 4049 Concilium
978 3967 1215 4048 Lateranensc
1240 3970 1399 4062 (scilicet
1424 3970 1594 4047 Territum

62 4096 168 4168 anno·
191 4092 298 4164 1-179.
325 4070 542 4146 celebratum
567 4096 644 4170 cap.
669 4096 731 4166 tn,
757 4057 854 4170 quod
877 4073 1025 4148 habetur
1051 4099 1133 4171 cap.
1152 4097 1188 4150 2.
1213 4081 1264 4149 De
1289 4080 1382 4148 Stat.
1410 4077 1598 4170 Monach.)

61 4199 140 4248 nan
168 4173 326 4247 interdici
352 4174 542 4249 monachis
564 4198 671 4272 agere
692 4174 891 4274 parochos,
918 4174 1048 4253 sedne
1073 4173 1201 4274 saoguli
1224 4196 1434 4274 ponantur.
1466 4182 1597 4259 ⁸Utrum

63 4276 215 4348 monachi
240 4274 375 4363 (verba
401 4274 479 4351 stant
506 4272 638 4352 Gtuffae
663 4278 701 4352 in
725 4275 820 4374 Cap·
843 4277 941 4388 Quod
965 4278 1117 4373 Dricit.
1143 4277 1174 4368 >s
1196 4279 1240 4355 de
1266 4280 1340 4368 jure
1362 4278 1596 4372 communi,

64 4382 120 4451 vel
146 4402 189 4451 ex
215 4372 470 4470 dispensatione
496 4376 625 4475 possunt
650 4381 696 4455 ad
721 4381 877 4476 regimen
903 4379 1106 4455 animarum
1131 4377 1254 4455 assumi
1282 4436 1293 4473 ,
1331 4379 1482 4454 dubitari
1510 4403 1599 4456 con·

65 4480 203 4554 suevit..
220 4477 365 4554 'Dicunt
391 4481 537 4576 quidam
573 4482 668 4579 quod
703 4479 810 4555 hodie
837 4479 974 4578 possunt
999 4483 1043 4555 dc
1069 4482 1144 4570 jure
1180 4482 1389 4570 communi,
1426 4482 1597 4572 olim'ta·

65 4607 150 4657 men
177 4605 220 4654 ex
246 4577 671 4680 dispensatione...hlii
698 4583 845 4674 dicauit,
870 4583 966 4682 quand
990 4607 1060 4656 nec
1081 4582 1190 4657 hodie
1217 4579 1353 4680 potum
1381 4579 1448 4655 ntfi
1473 4608 1517 4658 ex
1540 4585 1597 4661 dt*-
1672 4575 1681 4592 χ

17 4704 20 4708 ’
63 4681 303 4785 spensatione,
340 4708 423 4758 cum
459 4681 698 4759 Lateranense
734 4680 941 4759 Concilium
967 4683 1041 4759 hoc
1075 4683 1331 4780 prohibente..
1351 4683 1452 4778 Satis
1484 4683 1599 4782 potest

65 4786 161 4878 dici,
186 4786 286 4884 quod
306 4785 398 4862 olim
420 4783 591 4864 monachi
617 4809 692 4861 non
720 4807 885 4886 poterant
914 4781 1043 4883 praefici
1066 4784 1253 4880 ecclesais,
1286 4782 1354 4860 uisa
1388 4807 1433 4860 cr
1457 4784 1599 4862 necessa

769 4948 787 4983 x
974 4952 979 4957 .
1320 4914 1323 4943 t
1436 4911 1547 4979 ·rate;

61 5021 154 5043 ιιι-ι
662 5008 911 5040 σ-σ-ὖ-
822 5006 842 5017 ’“

102 5126 159 5202 (a)
180 5129 285 5189 solae.
296 5127 525 5196 liberalem.
537 5139 582 5186 ιδ,
621 5125 680 5197 sb)
702 5113 854 5189 ossslranu
869 5149 894 5184 t.
908 5146 970 5200 η.
985 5135 1155 5281 amethi·
1165 5167 1173 5193 ,
1184 5133 1222 5183 θ’
1232 5143 1258 5195 qa
1273 5131 1379 5186 alm.
1393 5151 1425 5196 ac

1139 5226 1220 5279 CCC
1271 5226 1297 5277 2:
