3856 5678
275 283 312 372 ἐ
417 411 420 415 ,
562 305 1066 387 nrosroatcn.
1121 319 1231 408 1650·
1286 292 1396 412 tion
1602 335 1702 418 44⁹·

601 549 1308 630 munerarium&

255 757 320 844 (t)
345 751 400 828 Ab
421 709 589 829 omnibus.
616 749 674 828 Ab
700 751 959 844 indisertam,
984 752 1021 830 bt
1042 751 1087 827 ab
1112 754 1154 827 iis
1178 756 1238 852 qui
1259 752 1433 832 Indolutn
1450 752 1634 856 privilegia
1656 779 1734 858 pst·

200 857 385 954 ticipent?
408 856 528 954 Negat
553 854 592 929 Ρ.
617 854 796 952 Eugenius
822 853 940 953 Lopez
965 854 1003 927 in
1028 853 1083 929 Μ.
1096 856 1156 946 8.,
1184 875 1262 930 tum
1282 880 1326 930 cx
1350 861 1473 956 praxi,
1499 880 1578 936 tum
1604 876 1736 951 exeo,

194 960 301 1057 quod
322 957 399 1030 -lraec
425 956 629 1031 constitutio
655 980 730 1030 non
754 956 902 1053 deroga-t
929 954 1100 1030 Indorum
1127 959 1343 1055 privilegio.
1379 959 1451 1034 Sed
1477 959 1634 1035 affirmat
1667 960 1731 1056 Sy·

195 1061 321 1136 modus
345 1058 566 1156 Guamagnae
599 1056 660 1132 sub
690 1054 753 1130 lli.
778 1054 927 1133 Castilla
951 1062 1048 1147 (α).
1075 1057 1122 1133 Ετ
1145 1058 1292 1156 quidem
1324 1061 1463 1153 veritis,
1500 1060 1527 1135 li
1549 1061 1615 1136 sua
1641 1085 1729 1137 con-

193 1158 378 1235 ·slitutioni
404 1157 469 1233 stet
494 1161 567 1252 vis,
592 1182 670 1258 quae
694 1157 739 1233 ab
763 1158 927 1234 omnibus
962 1160 999 1232 in
1025 1158 1080 1232 his
1117 1161 1301 1256 provinciis
1326 1160 1530 1259 degentibus
1565 1159 1644 1237 sesti
1671 1161 1731 1236 ob·

196 1260 417 1339 servantiam
442 1261 609 1358 requirit-
647 1258 895 1359 Detogarique
926 1259 1013 1335 satis
1038 1260 1146 1337 videri
1172 1259 1285 1358 potest
1310 1264 1523 1361 privilegiis,
1560 1287 1646 1339 cum
1684 1260 1733 1339 ibi

192 1362 353 1437 dicitur.-
378 1364 453 1438 Nm
473 1359 670 1451 alstannus
694 1362 732 1435 in
757 1363 977 1436 contrarium
1001 1358 1210 1436 facientibus
1234 1361 1506 1462 quibuscumque.
1545 1364 1606 1445 De
1625 1364 1734 1464 praxi-

197 1487 284 1543 reto
308 1482 434 1560 practer
458 1462 604 1561 Lopezii
630 1461 871 1538 testimonium
898 1460 1042 1538 testatur
1066 1459 1134 1536 elle
1157 1466 1378 1539 contrariam
1403 1465 1444 1540 Ρ.
1471 1465 1622 1541 Murillo
1653 1464 1730 1555 (b)

191 1585 374 1666 quatenus
400 1565 473 1656 ait,
498 1563 630 1658 Indos,
656 1562 873 1659 AEtltiopes‚
907 1568 944 1640 ὅ(
976 1563 1081 1638 Sinas
1105 1565 1217 1642 temti
1245 1565 1386 1640 tantiam
1412 1586 1537 1662 ptaeter
1575 1567 1730 1642 domini-

179 1690 263 1759 ,eos
286 1667 360 1740 dics
384 1663 517 1741 servare
549 1666 697 1741 decem.
731 1661 822 1762 ‘an
844 1687 995 1739 numero
1018 1663 1119 1739 cettb
1144 1663 1344 1742 excluditur
1378 1668 1453 1743 dies
1478 1666 1613 1744 sanata
1648 1668 1727 1745 Ro-

193 1765 265 1859 sac,
291 1764 379 1843 ficut
406 1772 442 1844 ὅ(
465 1769 536 1842 dies
560 1766 596 1843 S.
622 1763 745 1862 Jacobi
771 1760 1024 1864 Hispaniarum
1048 1762 1230 1843 Patroni.
1259 1766 1303 1841 In
1328 1767 1514 1868 Arequipae
1530 1767 1729 1865 'synodali-

197 1867 265 1946 bus
285 1868 391 1943 editis
418 1868 463 1942 ab
488 1867 547 1943 lll.
572 1867 676 1944 Leon
701 1891 798 1942 anno
827 1865 962 1964 1684,
989 1865 1231 1963 Hispanorum
1255 1867 1371 1962 sestis,
1410 1894 1487 1945 non
1512 1869 1726 1967 Indorum,

194 1991 455 2048 annumeratur
479 1968 608 2045 sellum
631 1969 768 2048 Sanus
794 1963 916 2060 Rosa,
941 1966 1011 2042 ibi:
1037 1974 1146 2041 Senta
1171 1966 1391 2071 RosaVirgen
1415 1978 1562 2046 Patrona
1579 1974 1626 2046 'de
1648 1973 1726 2061 assos

195 2073 303 2195 reims
328 2069 421 2163 *Isti
448 2091 508 2168 30.
536 2071 574 2145 de
597 2066 735 2169 Agalla.
762 2068 982 2187 Eodemque·
996 2066 1095 2166 figno
1116 2070 1161 2159 iffi·
1179 2067 1349 2186 sestotum
1375 2098 1440 2169 pro
1459 2071 1627 2172 Hispanis
1649 2096 1728 2192 tan·

194 2192 445 2353 ffillill?
459 2168 1730 2373 llazblslmlsbil'resffl‘lltllllallambit-‘lt

194 2375 236 2454 S·
262 2374 405 2451 Xaverii
432 2373 688 2466 patronatus&
723 2369 914 2444 Benedicta
939 2369 1042 2443 XIV.
1076 2371 1291 2445 constitutus
1328 2375 1461 2449 eisdem
1484 2376 1651 2453 clausulis
1678 2396 1731 2454 at·

192 2465 1463 2667 llmlllffistlbssllbmilas&lsldll‘alll:
1483 2476 1731 2659 ‘silisis

191 2698 284 2753 exce
310 2695 370 2753 to·
428 2706 431 2711 ·
694 2734 698 2739 -
924 2728 928 2737 ·
965 2723 966 2726 π

250 2703 307 2866 (apr
319 2781 336 2867 )
361 2784 414 2852 De
434 2795 618 2878 precepto.
655 2772 787 2877 Quoad
811 2771 952 2854 millam
975 2780 1012 2856 bc
1033 2771 1177 2854 samam
1212 2773 1329 2856 otium
1364 2760 1545 2879 usquead
1580 2776 1726 2860 benedi·
1867 2759 1872 2767 ¹

190 2878 293 2954 dium
318 2879 441 2972 XIV.,
466 2883 537 2980 qui·
552 2882 657 2956 certis
679 2880 800 2960 diebus
825 2877 920 2956 sestis
932 2876 1089 2978 permisit
1114 2880 1236 2956 audita
1262 2878 1365 2957 missa
1391 2887 1642 2983 manoperari.
1667 2889 1727 2962 An

192 2980 274 3078 post
299 2980 475 3058 Benedicti
509 2980 800 3058 constitutionem
837 2983 883 3057 ad
908 2979 1028 3056 Indias
1059 3002 1116 3078 ις.
1153 2980 1245 3058 Dec.
1276 3003 1411 3078 175o.‚
1448 2982 1648 3063 feriandum
1685 2990 1724 3065 in

190 3080 332 3155 Sanilae
344 3080 446 3157 Rosa
471 3080 559 3157 festo
585 3081 651 3173 fit,
675 3081 886 3157 dubitaverit
911 3078 1104 3177 quispiam.
1130 3081 1201 3156 Sed
1228 3083 1366 3155 videtur
1385 3087 1617 3180 negandum,
1636 3110 1725 3167 natn

189 3168 407 3261 Benedtuus
442 3179 534 3258 sestis
568 3182 687 3280 quoad
722 3200 934 3279 preceptum
968 3181 1173 3278 negativum
1209 3180 1434 3256 adnumerari
1473 3186 1618 3260 tantiam
1649 3192 1732 3269 vult

192 3277 395 3357 Patronum
423 3284 517 3357 loci:
542 3309 614 3383 quo
650 3283 789 3358 videtur
812 3280 952 3356 excludi
986 3281 1083 3377 regni
1110 3284 1163 3355 vel
1188 3280 1377 3379 provincias
1414 3298 1649 3382 patronatus,
1673 3290 1725 3366 ita

181 3401 235 3458 ut
262 3383 381 3457 Sandti
406 3381 527 3478 Jacobi
550 3383 629 3460 dies
652 3381 849 3481 specialiter
872 3379 979 3457 suerit
1015 3381 1256 3464 nominandus
1279 3403 1403 3480 praeter
1439 3383 1638 3462 Patronum
1672 3391 1725 3465 lo

186 3486 251 3576 ei,
289 3505 337 3560 ne
370 3486 416 3558 ad
450 3483 667 3562 semi-festos
681 3486 838 3559 redamas
871 3481 1096 3560 censeretur.
1135 3483 1193 3558 Ill.
1232 3486 1454 3582 Argandofia
1493 3486 1728 3568 Tucumaniae

195 3583 351 3676 Praesul,
377 3586 463 3661 dum
490 3587 714 3663 benedislinc
739 3588 867 3659 litterae
891 3584 1076 3683 publicatae
1100 3583 1216 3677 sunt,
1255 3588 1291 3662 dt
1318 3587 1355 3660 in
1380 3585 1528 3680 Synodo
1562 3614 1637 3666 non
1664 3618 1727 3692 pu·

195 3686 329 3763 blicam
357 3691 441 3763 anni
473 3711 603 3786 175.2.,
630 3687 726 3762 diem
752 3685 885 3760 Sandtae
920 3681 1024 3761 nora
1061 3682 1155 3760 fellis
1180 3685 1373 3789 maioribus
1399 3690 1436 3763 in
1462 3710 1612 3790 utroque
1637 3693 1727 3773 obli·

197 3790 362 3884 gantibus
387 3789 583 3866 accensuit.
609 3788 679 3865 Sed
705 3812 788 3862 cum
813 3788 849 3861 S.
874 3784 1028 3883 Josepho
1054 3787 1091 3859 id
1116 3783 1219 3860 fimus
1241 3786 1391 3863 honoris
1412 3789 1630 3885 praestiter'it,
1651 3821 1727 3874 non

196 3890 238 3966 id
258 3891 369 3965 titulo
393 3893 648 3990 principalioris
674 3907 901 3985 patronatus,
926 3885 987 3960 sed
1012 3910 1056 3959 ex
1079 3885 1197 3960 devoti
1225 3874 1337 3960 animi
1368 3890 1415 3961 ad
1439 3892 1576 3964 cultum
1601 3893 1724 3976 &Ro-

194 3987 243 4069 sae
267 3991 499 4088 propensione
524 3989 664 4082 secisse,
692 4015 754 4086 par
780 3987 828 4062 cst
852 3989 968 4062 credi.
1712 4028 1715 4033 ·

290 4092 379 4169 [Sed
396 4092 509 4193 potest
534 4095 571 4169 id
587 4089 713 4167 sacete
737 4088 955 4186 Episcopus?
981 4082 1101 4163 Potest
1124 4086 1290 4185 quidem,
1317 4110 1393 4163 non
1413 4106 1473 4186 pet
1499 4091 1648 4168 modum
1665 4096 1725 4171 de-

195 4193 362 4290 rogantis
385 4217 449 4273 aut
479 4195 700 4272 constantis.
728 4192 905 4266 indultum
932 4186 1177 4287 pontificium,
1212 4187 1271 4265 sed
1305 4200 1487 4289 quatenns·
1515 4196 1627 4291 potest
1659 4222 1725 4294 pro
1771 4240 1775 4248 ·

193 4296 259 4374 sua·
285 4293 423 4369 dioecefi
448 4323 544 4373 nova
567 4290 653 4373 sella
678 4291 886 4369 instituere.
925 4290 1087 4367 Dubium
1111 4307 1232 4366 tamen
1269 4290 1339 4385 est,
1367 4295 1477 4369 anid
1510 4295 1612 4393 poffrt
1648 4298 1723 4376 stne
1773 4334 1783 4401 ’,ι

195 4395 370 4474 consensu
396 4400 480 4471 cleri
513 4404 550 4474 dc
574 4397 715 4496 populi.
752 4392 946 4469 Affirmant
972 4391 1175 4469 Carmelitae
1210 4392 1430 4469 Discalceati
1466 4397 1726 4476 salmanticen-

193 4498 248 4576 ses
275 4505 344 4588 (c)
372 4514 497 4572 contra
523 4499 636 4594 plures
663 4515 830 4594 negantes
854 4497 891 4571 id
928 4491 1021 4591 polle
1045 4514 1187 4571 attento
1208 4494 1316 4584 iure,
1340 4500 1500 4592 quamvis
1534 4496 1662 4596 polline
1687 4509 1724 4582 st
1866 4562 1869 4566 .

194 4602 327 4678 alicubi
350 4597 504 4676 vfecerint
527 4620 572 4673 ex
597 4598 868 4691 consuetudine,
893 4594 1084 4696 praesertim
1107 4596 1252 4695 quando
1278 4618 1354 4668 non
1379 4598 1417 4670 in
1442 4619 1646 4772 perpesttuum
1669 4603 1722 4676 in.

299 4744 309 4753 ·
1560 4720 1677 4776 ttuun·

260 4962 297 5033 a)
319 4971 379 5038 syn.
396 4960 433 5026 'ae
451 4957 555 5029 cuam.
576 4956 667 5035 caim
689 4989 714 5033 ⁷.
754 4955 807 5037 tn>
825 4948 966 5044 nirata,
987 4966 1037 5028 aa.
1061 4990 1087 5022 ι.
1099 4946 1187 5039 'cura
1206 4967 1279 5027 can.
1299 4966 1348 5025 m.
1367 4983 1396 5032 2.
1416 4984 1445 5026 n.
1467 4989 1493 5034 a·

265 5043 302 5112 c)
322 5046 489 5110 dalmatic·
508 5064 573 5110 m·
591 5050 626 5108 V.
644 5050 720 5109 Mor.
739 5060 778 5106 tr·
800 5064 845 5113 η.
864 5063 926 5114 ω.
947 5065 972 5103 s·
989 5063 1020 5115 a·
1040 5047 1112 5110 Μ.
1135 5065 1160 5102 ι.

1273 5116 1384 5199 leh

237 4968 256 5112 l
