3856 5678
260 322 329 400 152
680 298 1257 378 onnrnsrronns

202 439 295 540 Juan
320 443 363 518 de
387 439 485 541 Vegt
521 439 637 519 Serior
661 439 708 515 dc
743 439 869 530 Grajal
894 437 1111 528 Embajador
1148 438 1206 516 del
1231 437 1300 516 Rei
1326 461 1372 515 en
1399 439 1520 516 Roma
1542 491 1554 528 ,
1579 460 1736 537 panaque

203 544 307 621 todas
332 549 383 618 las
410 565 509 617 veces
533 567 601 641 que
628 544 662 618 al
688 541 757 621 Rei
782 568 804 638 y
832 545 853 616 l
877 542 1082 631 suConscjo
1109 539 1317 640 pareciessc,
1342 565 1408 640 que
1433 539 1467 618 se
1492 539 1606 615 debcn
1622 537 1745 625 elicit,-

201 647 263 720 der
288 644 312 719 ὸ
338 665 482 719 acottar
506 645 559 719 los
582 646 718 723 limites
742 644 788 718 de
813 646 868 720 los
903 640 1102 742 Obispados
1126 643 1172 719 de
1197 644 1249 718 las
1275 642 1430 735 Indiae,
1457 641 1492 719 se
1530 642 1645 742 pueda
1670 640 1737 717 ha-

202 770 260 821 cer
285 743 329 822 de
354 749 389 820 la
415 768 658 847 manereque
683 748 858 843 pareciere
883 745 1055 820 convenir
1080 769 1165 843 para
1191 748 1225 819 el
1251 744 1342 820 buen
1367 747 1539 844 govietno
1574 769 1597 839 y
1623 743 1739 819 adrni-

201 848 393 923 niliracion
417 848 463 926 de
487 849 597 939 ellos,
633 873 655 940 y
681 871 767 944 para
804 846 939 924 esculat
964 844 1185 926 differencias
1209 866 1309 925 entre
1344 848 1399 924 los
1429 846 1602 947 prelados.
1640 844 1738 925 vide

202 946 296 1026 infra
320 972 417 1027 anno
446 969 556 1048 ¹753·
585 972 619 1026 2.
646 947 880 1028 Marenen.
907 967 945 1043 7.
1700 972 1704 979 ’

560 1148 1146 1233 ORDINATIO
1243 1152 1366 1240 LXX.

725 1255 835 1334 Anno
864 1274 971 1354 1544
999 1280 1035 1348 9.
1060 1253 1205 1352 Januar.

271 1464 383 1540 Aulus
408 1458 552 1538 Tertius
577 1461 719 1539 cunnos
743 1457 925 1539 Ordinunt
943 1458 1229 1535 Mendicantium
1241 1457 1410 1537 Prolatos
1435 1465 1505 1553 (ι)
1530 1457 1609 1538 suos
1633 1480 1744 1540 com«

294 1561 466 1640 miliarios
492 1588 533 1637 ac
560 1563 742 1661 delegatos
767 1561 980 1652 constitnit,
1018 1559 1132 1659 eisque
1157 1561 1274 1639 denuo
1310 1566 1474 1639 concedit
1502 1586 1628 1638 omnes
1652 1587 1738 1662 gra-

204 1667 320 1743 tias&
344 1663 532 1740 facultates
557 1668 639 1753 (ιι)
665 1663 827 1739 euntibus
854 1665 892 1738 in
918 1685 1027 1747 terras
1053 1662 1249 1738 infidelium
1275 1664 1450 1739 concessas
1474 1690 1534 1764 per
1559 1665 1736 1764 litosprte·

203 1765 394 1846 deccffores
419 1767 458 1841 in
481 1789 608 1863 genere
634 1766 690 1841 vel
714 1765 752 1838 in
787 1763 932 1862 specie.
969 1764 1161 1862 negantes
1198 1763 1382 1842 Mexicani
1410 1766 1503 1865 apud
1537 1763 1594 1839 Fr.
1620 1764 1738 1863 Josrn

202 1881 288 1944 nem
312 1865 508 2044 Balptistatn
532 1868 655 1959 ajunt,
681 1886 800 1942 extare
825 1864 935 1942 Breve
959 1863 1191 1960 coueeffionis
1215 1865 1319 1956 hujus
1344 1869 1381 1941 in
1416 1868 1594 1944 tabulario
1627 1865 1735 1947 Con·

203 1968 329 2046 ventlls
382 1969 629 2045 raedicatomnt
654 1965 936 2060 Mexicanensrs,
961 1969 1153 2066 danttnqtte
1177 1965 1244 2044 else
1270 1970 1307 2045 in
1331 1964 1493 2043 favorem
1513 1969 1734 2064 regularium

202 2074 336 2151 intuitu
360 2072 569 2147 meritorum
595 2094 637 2147 ac
661 2070 752 2162 zeli,
777 2091 949 2168 quorem
973 2066 1201 2153 chrnlianan
1224 2071 1264 2147 in
1299 2069 1408 2151 Novo
1432 2068 1529 2146 Orbe
1563 2066 1735 2163 sustinere

201 2176 238 2248 δι
263 2194 472 2270 promovete
498 2196 571 2247 non
596 2167 793 2246 celiabant.

305 2272 472 2366 Ejusdem
498 2276 553 2348 vel
578 2271 699 2349 fimilis
723 2270 953 2349 conceffionis
978 2274 1143 2352 meminit
1177 2271 1354 2351 venenu
1379 2276 1472 2372 apud
1508 2270 1734 2357 Rodericum

203 2380 304 2468 (a),
330 2402 398 2474 qua
426 2375 555 2452 Paulus
580 2372 745 2449 conoeffit
770 2399 845 2450 non
871 2395 1014 2454 tantum
1039 2377 1212 2476 praelatis,
1237 2373 1296 2451 sed
1321 2376 1483 2454 omnibus
1518 2374 1736 2455 Mendican-

204 2477 318 2570 tibus,
343 2477 403 2576 qui
428 2477 471 2552 de
496 2479 640 2552 licentia
666 2474 809 2554 suorum
834 2479 1057 2575 prelatorum
1093 2473 1358 2578 proficiscuntur
1384 2479 1430 2555 ad
1456 2496 1566 2556 tetras
1605 2475 1745 2557 infide».

202 2578 315 2672 lium,
340 2598 381 2656 ut
406 2597 490 2656 eant
517 2600 687 2676 tanquam
710 2579 819 2675 legati
843 2578 942 2657 sedis
977 2577 1212 2677 Apostolicae,
1251 2584 1288 2658 δι
1324 2580 1373 2658 eis
1398 2581 1529 2678 pariter
1562 2578 1736 2661 concedit

203 2703 328 2756 omnes
353 2681 486 2778 gratias
511 2683 531 2754 ὲ
556 2678 625 2754 suis
649 2675 944 2778 predecessoribus
969 2678 1146 2762 conceffis
1170 2681 1238 2757 illis
1264 2686 1357 2772 (ιιι)
1383 2681 1443 2780 qui
1471 2681 1518 2761 ad
1545 2701 1655 2765 terras
1679 2682 1736 2757 in-

202 2777 364 2858 fidelium
388 2783 605 2857 mittuntur.
639 2782 696 2855 Ac
721 2778 814 2856 forte
848 2783 974 2858 eadent
998 2780 1078 2858 sunt
1102 2781 1177 2859 hnc
1203 2782 1321 2859 brevia
1347 2809 1428 2859 cum
1452 2807 1524 2875 eo,
1559 2782 1654 2881 quod
1693 2782 1743 2873 ira¹

204 2884 393 2960 nominato
417 2881 610 2960 Conventu
627 2880 901 2958 Praedicatorum
924 2881 1085 2959 allervari
1097 2939 1108 2977 ,
1135 2885 1249 2983 inquit
1267 2881 1443 2978 lomes,
1467 2884 1565 2975 cuius
1582 2882 1743 2977 initium

202 2981 253 3059 est
276 2985 420 3060 Dilellis
437 2985 547 3075 filiis,
584 2984 621 3058 in
646 2980 805 3058 favorem
839 2981 1117 3062 Praedicatorum
1152 2984 1346 3083 specialiter
1379 2981 1611 3076 concellum,
1636 2982 1739 3082 quod

204 3085 251 3162 ad
276 3087 418 3163 cuniios
441 3085 621 3163 Ordinutn
646 3082 937 3165 Mendicantium
962 3091 1084 3183 (ιιι),
1109 3086 1169 3164 seu
1192 3083 1418 3190 profestores,
1453 3084 1514 3168 seu
1547 3085 1736 3189 ptaelatot,

200 3188 376 3287 pertinere
399 3187 530 3263 dicitur
555 3187 601 3263 ob
627 3188 1012 3266 communicationem.

626 3393 1300 3475 ADNOTATIONES.

254 3603 323 3688 (1)
349 3603 531 3675 Preietos.
557 3593 730 3695 Quamvis
757 3602 889 3699 praelati
926 3603 1178 3695 nominentur3
1205 3618 1370 3702 poterunt
1406 3601 1460 3680 illi
1491 3597 1647 3677 subditos
1670 3592 1736 3677 de·

209 3695 325 3796 legare
352 3701 449 3791 juxta
486 3726 562 3801 cap.
588 3703 628 3777 Si
653 3729 732 3799 quo,
767 3712 820 3782 De
844 3705 900 3795 off.
925 3699 967 3783 o
985 3721 1054 3806 pot.
1070 3706 1154 3798 Jud.
1180 3706 1302 3802 deleg.,
1337 3702 1396 3778 ubi
1421 3704 1553 3779 dicitur
1576 3727 1586 3774 ε
1612 3703 1653 3775 Si
1674 3722 1738 3799 pn

201 3800 410 3895 debilitate,
436 3805 490 3879 vel
514 3828 578 3900 pro
602 3805 757 3902 qualibet
783 3808 854 3882 alia
881 3804 984 3882 causa
1011 3809 1065 3881 vel
1088 3805 1290 3882 necessitate
1317 3807 1504 3883 tradendis
1542 3800 1657 3879 caufis
1681 3801 1736 3877 in·

203 3900 324 3979 terelle
349 3929 423 3980 non
448 3907 603 4002 poteris,
628 3905 778 3983 liberum
804 3906 866 3985 tibi
892 3905 936 3987 fit
962 3906 1116 4007 personis
1140 3906 1296 3984 discretis
1320 3914 1358 3986 ὅ(
1382 3908 1521 3983 idoneis
1545 3907 1640 3982 vices
1652 3922 1736 3981 tuas

201 4006 460 4081 committere.
499 4006 556 4082 lta
595 4027 716 4082 tamen
740 4030 780 4084 ut
806 4006 833 4083 st
858 4032 911 4083 res
947 4013 1039 4087 tanti
1065 4009 1149 4104 est,
1186 4006 1366 4087 consulere
1393 4030 1428 4085 tc
1454 4008 1639 4100 debcant,
1665 3998 1735 4081 nin

196 4101 295 4181 sorte
319 4104 430 4184 causae
455 4110 504 4185 ita
572 4133 653 4184 aves
675 4107 767 4202 srnt,
790 4109 887 4208 quod
914 4108 986 4185 srne
1010 4111 1190 4212 praesentia
1218 4131 1279 4187 tua
1303 4137 1380 4187 non
1405 4110 1534 4209 poilint
1560 4130 1730 4183 commo·

202 4207 249 4281 de
273 4211 483 4285 terminari.
554 4229 670 4308 tcap.
705 4216 808 4308 Super
832 4211 1050 4309 questionem,
1076 4217 1140 4288 eod.
1178 4213 1329 4289 dicitur:
1366 4209 1596 4313 Delegatusd
1633 4205 1735 4293 nobie

201 4307 297 4384 licite
368 4309 424 4386 li'rt
449 4317 486 4389 dr
511 4311 745 4409 principium,
769 4317 806 4391 δι
831 4310 973 4408 finem,
1011 4320 1048 4394 dt
1072 4316 1230 4391 medium
1269 4315 1379 4394 cause
1402 4313 1465 4391 fibi
1499 4306 1733 4407 committe,

201 4434 277 4485 non
317 4415 416 4488 olum
442 4412 675 4504 conjunctim,
700 4412 759 4489 sed
784 4417 895 4491 etiam
921 4416 1082 4510 divium,
1109 4419 1168 4493 alii
1195 4419 1361 4518 delegare.

254 4518 338 4603 (11)
364 4517 509 4590 Gratias
543 4508 582 4592 ὸ·
610 4511 825 4609 Ῑῖιιιιῖιαιει.
861 4517 1011 4595 Constat
1048 4519 1218 4610 ejusmodi
1256 4517 1521 4611 concelliones,
1556 4533 1733 4617 quatenns

200 4615 355 4713 gratiam
379 4617 588 4708 continent,
625 4641 701 4691 non
735 4620 892 4716 expirare
917 4641 1033 4698 morte
1057 4621 1317 4715 concedentis,
1352 4621 1419 4697 nist
1444 4616 1603 4718 expresse
1637 4613 1732 4693 liant

202 4717 248 4794 ad
272 4715 367 4791 illius
391 4716 527 4812 vitam,
551 4742 594 4794 ex
629 4723 711 4818 cap.
736 4723 777 4795 Si
795 4719 915 4821 fiper,
951 4730 1004 4801 De
1028 4721 1082 4812 off.
1101 4723 1178 4820 jud.
1205 4723 1266 4799 del.
1292 4726 1328 4799 in
1352 4730 1389 4799 6.
1426 4724 1466 4796 Si
1487 4719 1584 4820 super
1613 4719 1733 4838 gratie

1598 4845 1679 4897 cnr·

195 4939 1736 4986 mmm—*duum

236 5064 298 5134 (a)
317 5069 443 5131 delerit·
461 5068 546 5130 Tm.
570 5091 595 5128 a·
614 5068 688 5152 Q
705 5073 804 5145 negat.
822 5073 868 5152 Q
882 5091 930 5145 97·
949 5087 1009 5134 ete·
1029 5092 1057 5132 a·
