3864 5686
712 351 1208 431 NoVronrrs
1634 379 1683 461 ῃ

191 492 336 594 quidem
362 488 384 569 a
409 489 578 570 firmine.
604 493 712 570 Nunc
738 516 860 570 autem
887 511 965 570 tota
993 494 1053 569 illa
1080 499 1179 594 regio
1203 496 1434 599 Novasorkia
1460 498 1613 596 dicitur,
1647 503 1734 592 ejus·

194 622 262 701 que
287 599 479 696 imperium
503 596 667 673 obtinent
692 598 800 696 Angli
824 653 836 691 ,
872 599 932 696 qui
957 597 1103 674 Novam
1130 600 1242 676 etiam
1264 598 1458 694 Yorkiam,
1494 605 1737 683 Eboracumve

196 702 377 800 appellant
402 699 579 777 Manlrate
603 700 750 776 urbem.

249 803 364 895 Aiunt
391 825 529 881 certam
554 827 683 880 navem
708 803 892 901 Acapulco
918 802 1053 879 Mexici
1081 804 1127 880 ad
1153 805 1378 882 occidentem
1405 829 1511 906 portu
1547 808 1739 910 proseslam

198 931 294 984 anno
322 914 456 1002 1609.,
483 905 645 984 instituto
669 904 771 983 cursu
795 931 856 1003 per
880 907 952 981 vim
973 905 1185 1005 tempestatis
1204 909 1358 1003 abjeteo,
1384 909 1519 986 duobus
1545 912 1621 1010 post
1642 937 1739 987 men-

198 1009 287 1086 fibus
310 1009 514 1087 Dublinum
539 1008 799 1130 inHibemiam
825 1005 1036 1127 pervenisse,
1056 1009 1212 1128 ‘indeque
1239 1035 1321 1128 cum
1347 1010 1381 1087 se
1408 1012 1444 1095 in
1471 1011 1733 1113 Ulysliponenst

198 1111 748 1307 {lmz‘l‘lllrlllsll
769 1108 1739 1312 'slpl‘sl1lllss¹¹22ll⁰l³330llls‘llls'lt

199 1317 266 1399 lius
290 1320 372 1416 via,
398 1344 476 1418 quae
500 1320 644 1418 quidem
669 1316 760 1393 fasta
787 1316 931 1413 ponitur
955 1340 1017 1415 per
1041 1315 1331 1416 septentrionales
1355 1316 1515 1394 Canadae
1540 1318 1685 1397 slullus.

543 1419 723 1496 Hudsonis
748 1417 859 1495 smus.
888 1423 986 1520 long.
1017 1439 1101 1516 320.
1128 1423 1209 1495 Lat.
1238 1421 1302 1495 bor.
1332 1428 1392 1497 60.

245 1522 392 1603 Eodem
418 1548 514 1601 anno
538 1521 743 1599 Hudsonius
769 1543 874 1620 atque
910 1521 1124 1597 Guilielmus
1149 1521 1306 1622 Baffings
1344 1522 1480 1621 Anglus
1508 1525 1621 1620 item,
1659 1528 1739 1606 reli·

200 1628 252 1707 ἂι
277 1651 370 1728 pone
394 1625 570 1720 Canada,
596 1624 795 1725 longissim'e
821 1620 986 1722 progreffi
1019 1623 1103 1700 sunt
1141 1626 1302 1701 adversus
1327 1650 1410 1701 eam
1447 1628 1521 1702 raeli
1579 1631 1739 1727 legam,

201 1755 281 1831 quae
301 1727 532 1830 septentrioni
559 1754 601 1804 ac
627 1728 806 1805 occidenti
831 1752 876 1802 ex
900 1749 1002 1825 :equo
1026 1724 1233 1824 respondet.
1259 1728 1497 1803 Contendunt
1533 1656 1637 1828 piane
1664 1735 1741 1808 An·

202 1834 274 1932 gli,
298 1856 362 1932 per
395 1854 457 1909 eos
484 1833 612 1908 traslus
637 1827 671 1906 se
709 1831 780 1906 illis
806 1855 904 1905 anno
940 1826 1133 1928 insequenti
1170 1828 1403 1906 manifestasse
1437 1832 1599 1929 regiones
1631 1832 1743 1908 distas

201 1936 245 2011 de
268 1960 398 2011 eorum
423 1936 590 2024 nomine;
617 1934 653 2009 id
680 1957 762 2008 vero
787 1931 836 2007 est
871 1933 910 2007 in
935 1954 1155 2029 comperto,
1192 1934 1330 2008 nullam
1366 1955 1515 2031 percos
1541 1934 1588 2010 ibi
1621 1935 1741 2024 seriem

200 2037 435 2117 constitutam
458 2033 548 2113 esse.
574 2034 724 2114 Certum
750 2032 889 2132 insuper
914 2032 984 2129 est,
1010 2033 1203 2110 Nelsonem
1229 2036 1327 2117 uaris
1384 2060 1430 2111 ua
1456 2033 1614 2112 Hudson.
1638 2037 1742 2118 vehe-

199 2139 327 2236 batur,
354 2132 627 2242 gubernatorem
654 2164 728 2214 non
754 2134 878 2237 cepisse
906 2157 990 2213 tunc
1016 2138 1257 2236 possessionem
1282 2061 1457 2232 recessus,
1482 2163 1590 2239 quem
1623 2141 1736 2217 modo

199 2240 363 2421 {tlelsonis
387 2242 539 2323 Portum
563 2262 715 2335 vocant,
741 2243 801 2339 qui
825 2239 873 2317 ad
899 2240 1160 2318 occidentalem
1184 2267 1288 2320 oram
1313 2237 1406 2319 smus
1431 2265 1542 2321 curvo
1566 2241 1659 2332 iacet
1677 2268 1741 2321 an·

232 2347 330 2424 astu.

916 2452 1028 2530 1611.

615 2548 772 2658 Iroquii.
798 2559 897 2653 long.
926 2579 1012 2652 290.
1030 2581 1047 2627 -.·
1066 2557 1147 2631 [aa.
1173 2552 1241 2634 bor.
1266 2571 1330 2656 43.

507 2655 625 2736 Lacus
649 2658 871 2760 Carnplani.
909 2662 1011 2757 long.
1039 2680 1125 2759 295.
1150 2688 1160 2735 a
1183 2663 1248 2734 lar.
1276 2660 1343 2734 bor.
1371 2679 1431 2757 45.

598 2762 748 2839 Flumen
775 2759 949 2853 Boreale,
976 2763 1013 2836 in
1037 2760 1147 2838 Novo
1172 2761 1340 2838 Mexico.

532 2866 638 2944 Sinus
662 2864 850 2941 Buttonis.
877 2867 977 2962 Long.
1006 2860 1092 2938 280.
1120 2892 1129 2938 :
1158 2867 1238 2940 late
1266 2863 1331 2939 bor.
1360 2883 1419 2962 57.

248 2962 359 3038 Viam
384 2960 446 3040 stbi
474 2966 519 3042 ad
543 2970 727 3066 regionem
752 2965 991 3065 ¹lroquiorum
1018 2969 1132 3066 aperit
1166 2964 1423 3066 Compsanus:
1462 2961 1576 3042 aede
1608 2965 1666 3042 via
1692 2963 1742 3042 la·

207 3088 306 3158 urm,
334 3067 375 3141 in
400 3092 507 3164 quem
532 3067 702 3161 offendit,
727 3071 770 3146 de
795 3069 859 3144 suo
886 3084 990 3145 vocat
1016 3071 1251 3168 cognomine.
1598 3110 1606 3117 ·

248 3166 515 3265 Septentrionis
540 3166 696 3260 flumen,
722 3170 816 3265 quod
851 3170 958 3264 aliqui
995 3172 1174 3266 appellant
1194 3175 1424 3263 rouretum,
1452 3172 1488 3245 ὰ
1521 3167 1745 3246 'Conibarum

210 3268 320 3346 lrcrrm
350 3271 397 3344 ad
422 3268 568 3345 boream
595 3269 691 3345 Novi
718 3266 853 3344 Mexici
879 3268 1038 3364 explorat
1064 3267 1221 3364 Joannes
1246 3272 1292 3345 de
1317 3268 1467 3345 Ofiate.

251 3370 418 3449 Thomas
441 3370 621 3447 Buttonus
658 3370 794 3468 Anglus
820 3369 866 3446 ad
901 3366 1059 3443 Canadae
1083 3369 1230 3444 boream
1267 3374 1425 3468 amplam
1460 3369 1596 3469 detegit
1630 3371 1745 3467 regio-

208 3497 318 3567 nem,
353 3500 464 3575 quam
489 3494 596 3549 vocat
632 3473 851 3565 Nemmio,
888 3470 959 3547 hoc
984 3470 1033 3548 est
1066 3475 1170 3549 Nova
1197 3466 1370 3558 caresta.
1412 3470 1553 3549 Totum
1578 3474 1664 3550 dein
1689 3471 1743 3549 sui

210 3577 362 3653 nominis
385 3575 504 3652 smum
528 3573 711 3668 lustravit,
749 3573 900 3650 insulam
934 3575 1065 3672 pariter
1091 3572 1356 3673 Diggsensem,
1382 3599 1467 3652 cum
1490 3569 1634 3677 regione
1670 3578 1744 3653 alia

209 3676 390 3760 vastiffima
415 3703 526 3779 quam
548 3683 654 3769 carys
677 3683 814 3754 Snvans
838 3674 916 3764 Nell
939 3677 1175 3776 nuncupavit.

925 3785 1034 3856 1612.

253 3880 406 3981 Jacobru
427 3882 518 3961 Hall
553 3881 690 4062 Anglus
724 3879 946 3961 Coclrinense
978 3879 1112 3959 stenem
1138 3883 1274 3958 invenit
1312 3881 1359 3958 ad
1395 3890 1459 3980 65.
1495 3882 1646 3983 gradum
1673 3885 1738 3961 lat.

639 3987 756 4064 enada
781 3981 941 4083 respicit.

917 4094 1029 4186 1613.

261 4191 321 4264 Ad
341 4191 487 4291 boream
509 4192 742 4270 'Groelandiae
777 4195 865 4270 certi
901 4194 1008 4291 Angli
1035 4186 1188 4268 insulam
1204 4183 1320 4290 ‘primi
1356 4185 1598 4291 prospiciunt,
1635 4217 1744 4291 quam

212 4291 388 4392 appellant
411 4298 433 4374 l
457 4297 545 4398 Spe.
572 4293 633 4372 Est
657 4297 801 4394 quidem
827 4297 886 4393 qui
911 4294 1107 4387 existimet,
1134 4291 1206 4369 fine
1232 4291 1317 4373 teste
1342 4314 1486 4389 tamen,
1513 4297 1631 4393 primo
1663 4293 1744 4372 suis·

211 4393 240 4473 se
267 4396 450 4494 cognitam
467 4427 498 4479 ,a
525 4398 737 4498 Willougby
764 4422 861 4474 anno
890 4420 1002 4498 1553.

923 4511 1065 4599 1615..
1106 4504 1110 4511 ’
1743 4576 1748 4586 .

252 4600 487 4688 canadmns,
504 4603 670 4684 Hurones
696 4604 816 4681 invifit
841 4604 1094 4705 Camplanus,
1118 4621 1305 4703 totamque
1340 4603 1510 4700 hyemem
1536 4606 1574 4678 in
1606 4625 1745 4703 percur-

216 4707 316 4781 renda
340 4728 470 4785 eorum
494 4709 638 4806 regione
663 4706 829 4784 insumit.
1154 4758 1157 4765 -
1604 4757 1607 4763 =

252 4803 383 4886 Batavi
416 4808 597 4889 Manltate
631 4812 725 4910 ripas
757 4813 897 4912 populis
934 4805 1160 4910 frequentare
1196 4808 1400 4909 incipiunt:
1440 4825 1522 4883 toto
1548 4829 1595 4883 eo
1631 4805 1745 4882 traetu

212 4906 299 4984 urvo
322 4913 436 5010 Belgio
459 4915 714 4991 denominato.
808 4922 837 4959 -“
1687 5003 1690 5007 .

257 5010 477 5093 Guilielmus
499 5016 706 5109 Schouten,
733 5022 770 5095 ὅ(
791 5015 946 5113 Jacobus
969 5016 1004 5092 le
1028 5010 1150 5091 Metire
1174 5009 1303 5091 Batavi
1327 5010 1480 5090 Texelio
1517 5008 1657 5083 solvunt
1685 5028 1745 5106 14.

211 5103 297 5207 lunii
322 5117 369 5198 de
393 5145 493 5201 novo
516 5121 642 5203 itinere
669 5121 716 5199 ad
739 5144 840 5200 mare
862 5114 1059 5198 Pacificum
1081 5116 1249 5292 ίοΠίεέἱ,
1276 5139 1319 5193 ae
1347 5134 1382 5212 3.
1407 5108 1632 5290 Novembris¹
1654 5110 1746 5187 insu-

1636 5237 1694 5292 am

214 3989 275 4082 quir
298 3985 578 4088 septentrionem
