3856 5678
539 288 1041 374 Aeosroerers.
1096 300 1207 393 ¹⁶50·
1260 315 1371 390 1700.
1589 309 1670 400 469

213 416 220 427 ⁸
294 434 507 515 Venduntur
529 457 571 512 ut
596 436 786 534 plurimum
812 433 835 508 d
857 433 1041 510 viatoribus
1061 435 1100 512 in
1121 412 1204 511 rixis
1228 438 1265 512 dt
1288 436 1410 529 bellis,
1435 437 1474 511 in
1498 437 1619 537 quibus
1640 440 1720 517 nul·

191 541 230 617 la
254 543 349 618 ratio
374 539 463 638 aqui
489 542 526 614 ὅ(
549 536 625 626 justi
664 536 843 611 habetur.
876 533 978 611 Pacis
1010 538 1121 612 etiam
1158 557 1316 636 tempore
1340 537 1538 612 venduntur
1574 539 1616 614 ab
1643 543 1722 617 aliis

193 643 453 745 potentioribus
477 640 618 736 Nigris,
645 638 704 737 qui
731 657 815 712 tune
840 636 995 712 maxime
1018 638 1148 734 praedas
1175 658 1284 735 agunt
1309 636 1409 736 supra
1431 640 1588 733 vicinos,
1609 665 1720 738 quan·

189 746 240 824 do
266 747 364 818 navis
401 743 518 840 aliqua
543 759 783 815 mercatorum
809 739 855 814 ad
879 765 961 814 oras
986 743 1162 838 applicat.
1191 740 1402 815 Vendunrur
1436 740 1599 816 damnati
1629 740 1722 840 apud

190 844 273 923 suos
298 847 434 942 capite,
460 840 521 917 sed
543 842 658 939 capite
682 841 899 916 damnantur
923 840 1015 942 saepev
1031 841 1077 916 ob
1102 839 1237 916 furtum
1262 843 1365 916 unius
1389 843 1528 942 gallinae
1550 855 1568 934 ,'
1589 863 1649 917 aut
1677 866 1725 919 eo

191 949 333 1024 minus.
360 945 446 1020 Nec
462 967 507 1018 eo
532 943 638 1018 titulo
656 939 862 1016 venduntur
878 940 951 1019 soli
977 940 1091 1037 fures,
1118 941 1176 1021 sed
1203 944 1406 1020 innocentes
1432 968 1556 1020 eorum
1583 939 1726 1044 propin·

187 1049 275 1146 qui.
304 1047 516 1121 Vendnnrur
541 1045 601 1118 alii
627 1044 673 1119 ob
698 1040 906 1140 suspiciones
930 1042 1137 1136 levissrmas‚
1164 1046 1219 1120 vel
1243 1046 1326 1144 quia
1353 1045 1539 1121 veritatem
1568 1041 1726 1122 affirmat
1789 1066 1797 1081 “

191 1151 342 1246 aliquis,
372 1171 478 1245 quam
513 1163 621 1244 negat
655 1145 824 1242 regulus.
861 1145 945 1223 Fuit
969 1145 1096 1221 nobilis
1122 1149 1213 1221 iuter
1248 1144 1330 1221 suos
1363 1148 1523 1223 venditus
1557 1147 1725 1247 eoquod

190 1251 272 1341 ejus
295 1246 408 1322 frater
433 1248 469 1321 in
505 1272 617 1322 unam
651 1270 696 1321 ex
730 1246 839 1344 reguli
874 1249 1041 1323 uxoribus
1073 1247 1226 1335 conjecit
1254 1246 1414 1325 insontes
1439 1252 1582 1324 oculos.
1620 1252 1724 1327 nnus

192 1353 277 1449 quia
303 1374 415 1424 manu
440 1349 557 1446 tetigit
582 1346 803 1423 cucurbitam
827 1371 871 1422 ex
897 1349 1021 1438 arbore
1045 1350 1280 1448 pendentem.
1319 1351 1422 1427 Alter
1447 1350 1494 1426 ob
1529 1352 1725 1425 extraslam

195 1453 328 1550 pavoni
354 1475 516 1549 pernam.
554 1449 603 1525 Et
629 1447 698 1525 fuit
722 1469 901 1526 mercator
934 1451 1080 1528 nolnine
1104 1449 1236 1529 Moore
1263 1457 1358 1544 (a),
1397 1453 1453 1528 cui
1478 1453 1644 1528 oblatum
1677 1446 1728 1529 est

193 1573 304 1651 caput
329 1547 563 1645 Tamanensrs
587 1548 769 1642 cujusdam
794 1552 842 1626 ob
865 1546 1001 1628 furtum
1026 1550 1182 1630 fumiferi
1207 1557 1337 1630 calami
1365 1576 1662 1655 manu-captum.

300 1647 438 1749 Quodsr
463 1675 631 1729 numerus
664 1654 925 1750 mancipiomm
960 1653 992 1729 b·
1007 1674 1205 1730 mercatore
1239 1655 1474 1732 demandatus
1500 1656 1602 1731 aliter
1631 1676 1731 1732 com·

195 1756 285 1858 pleri
321 1773 508 1854 nequeat,
544 1755 655 1852 regrdi
691 1755 886 1854 complent·
907 1752 1128 1832 subditorum
1163 1758 1366 1833 venditione
1390 1755 1481 1848 (l).
1516 1756 1639 1856 Neque
1663 1781 1730 1838 un·
1840 1830 1853 1834 ,

192 1884 308 1958 quam
332 1855 427 1933 deest
452 1873 658 1952 praetexam,
685 1856 834 1959 quovis
858 1858 1041 1957 &rapina
1076 1860 1265 1937 celentur.
1303 1859 1377 1936 Alii
1410 1855 1536 1956 seipsos
1571 1857 1730 1947 vendunt

198 1961 306 2036 aditae
331 1957 549 2034 conditionis
566 1959 704 2056 ignari,
729 1983 775 2034 eo
798 1955 913 2032 solum
933 1961 1032 2057 paslo
1058 1960 1192 2060 quoda
1213 1955 1468 2037 mercatoribus
1493 1960 1612 2036 alendi
1639 1957 1729 2041 smt.

198 2063 273 2140 Alii
299 2061 402 2138 filios·
417 2064 453 2138 dt
477 2056 569 2136 filias
594 2061 706 2159 pretio
743 2062 845 2136 unius
869 2059 985 2158 pilei,
1007 2060 1135 2160 ‚qui—fi
1162 2061 1425 2138 versicoloribus
1450 2061 1641 2138 filamentis
1677 2063 1732 2134 in·

200 2182 373 2241 terremus
399 2160 443 2238 srr
463 2217 475 2254 ,
501 2161 704 2260 nobilissimi
740 2162 865 2259 capitis
899 2161 1015 2258 pretio
1039 2163 1265 2241 destinatur.
1301 2163 1374 2239 Alii
1401 2164 1547 2240 tandem
1583 2189 1653 2260 qua
1688 2161 1733 2238 de

198 2261 306 2344 eausa
332 2287 439 2337 naves
464 2260 624 2357 ingreffi,
652 2263 792 2357 velint,
811 2262 950 2353 nolint,
978 2263 1221 2342 abducuntur.
1617 2351 1620 2354 ,

203 2395 207 2402 ·
306 2360 412 2438 Licbt
436 2359 522 2434 'verb
548 2359 656 2457 aliqui
681 2356 749 2434 srnt
774 2363 835 2458 qui
860 2358 953 2449 justo
979 2364 1086 2438 titulo
1108 2366 1389 2464 mancipantur;
1426 2389 1509 2441 cum
1535 2366 1560 2440 ii
1587 2368 1734 2463 paucio·

201 2491 258 2545 res
281 2483 434 2538 numero
469 2456 561 2551 sint,
596 2463 641 2534 de
665 2459 823 2563 quolibet
857 2455 1134 2556 pracsmneudum
1169 2464 1219 2538 est
1243 2479 1304 2560 p'et
1333 2464 1501 2552 iniuriam
1538 2466 1735 2564 mancipari

200 2584 247 2643 ex
274 2590 343 2657 eo,
361 2560 456 2663 quod
481 2561 659 2658 contingit
678 2560 852 2660 pluribusa
877 2565 1130 2662 consequenter
1146 2559 1330 2658 cuiuslibet
1355 2562 1422 2642 esse
1446 2563 1612 2655 injustam
1631 2584 1736 2644 man·

202 2669 443 2766 eipationem.
469 2661 507 2739 Si
533 2663 630 2738 enim
656 2664 695 2739 in
718 2663 818 2739 rebus
843 2685 988 2756 centum
1012 2666 1210 2764 nonaginta
1235 2665 1321 2742 scias
1346 2665 1445 2744 furto
1470 2664 1539 2744 esse
1565 2667 1736 2761 ablatas,

186 2790 317 2870 'neque
342 2770 465 2843 decem
489 2786 607 2841 emere
632 2765 716 2841 licet
742 2762 815 2840 fine
839 2768 1004 2842 examine
1030 2772 1065 2845 δι
1089 2764 1371 2868 praesumptionis
1404 2770 1644 2870 purgatione.
1672 2771 1736 2850 Vi·

202 2871 249 2947 de
275 2865 332 2946 Pr.
359 2870 545 2945 Thomam
572 2867 745 2942 Mereado
768 2865 859 2942 Ord.
885 2865 995 2944 Praed.
1024 2874 1039 2959 <
1079 2874 1116 2957 ).

309 2995 345 3046 2.
371 2967 467 3065 Qria
493 2990 537 3042 ex
564 2987 664 3066 parre
689 2971 805 3066 primo
840 2971 1036 3045 ementium
1075 2969 1170 3046 adest
1195 2974 1305 3048 etiam
1329 2973 1553 3073 presumptio
1588 2995 1654 3072 pro
1685 2974 1738 3050 irr-

205 3071 362 3167 juslitia;
390 3070 468 3143 sunt
493 3073 593 3145 enim
617 3089 657 3145 ut
684 3070 876 3164 plurimum
902 3070 1030 3169 parum
1064 3071 1340 3150 conscientiosr.
1379 3074 1428 3150 Et
1454 3075 1539 3148 licet
1563 3098 1638 3150 non
1662 3100 1739 3152 cre·

205 3178 316 3265 dam,
343 3170 478 3270 duglos
503 3175 540 3246 ὁ(
568 3168 787 3245 acatholicos
813 3172 901 3245 alios
924 3173 1009 3248 huic
1035 3193 1241 3248 mercatura
1265 3197 1414 3272 operam
1438 3175 1563 3250 dantes
1588 3199 1738 3252 omnem

195 3277 253 3352 de
281 3275 373 3349 illius
398 3272 473 3362 jure
498 3272 723 3350 conscientia
747 3270 943 3349 remorsum
969 3270 1123 3365 abjecisse
1144 3300 1157 3365 ;
1182 3299 1266 3351 cum
1291 3294 1414 3351 tamen
1438 3297 1494 3350 res
1519 3295 1646 3372 agatur
1678 3301 1741 3374 per

207 3379 365 3480 privatos
390 3396 605 3453 mercatores
629 3377 767 3452 lucmm
793 3375 1001 3471 inhiantes,
1028 3376 1169 3451 credere
1195 3401 1257 3475 par
1281 3374 1363 3468 est,
1390 3376 1558 3475 plurimas
1596 3378 1741 3470 injurias

209 3480 415 3570 committi,
441 3501 484 3553 ex
509 3503 555 3553 eo
581 3479 685 3579 quod
700 3475 741 3554 fit
766 3481 819 3553 vel
844 3475 949 3555 fiebat
986 3502 1047 3576 per
1072 3476 1259 3554 Lusitanos
1285 3502 1409 3554 coram
1446 3476 1628 3577 Episcopis
1661 3479 1742 3583 illa·

211 3607 294 3658 rum
322 3581 477 3680 partium
516 3579 685 3669 assiriam
721 3580 936 3672 zelantibus,
963 3586 998 3658 dt
1023 3579 1283 3656 observantiam
1318 3582 1437 3679 legum
1463 3581 1483 3654 a
1509 3580 1611 3679 Rege
1642 3578 1744 3658 Pide·

210 3684 340 3760 lissrmo
365 3680 539 3758 saslarum
566 3685 612 3758 ad
639 3679 856 3757 asserendam
881 3683 1085 3782 aequitatem
1154 3678 1296 3758 riculofi
1321 3681 1550 3759 commercii.

315 3784 442 3864 Refert
468 3783 500 3858 E
524 3782 596 3860 isco
619 3807 659 3857 us
694 3781 921 3880 Capoviridis
951 3783 1009 3855 lll.
1036 3781 1088 3857 D.
1144 3804 1240 3857 etrus
1264 3782 1459 3858 Brandaon
1494 3783 1532 3857 in
1558 3781 1743 3882 epistola,

190 3913 322 3993 .quam
345 3886 383 3982 se
408 3813 529 3962 vidise
555 3810 701 3964 relatur
726 3885 895 3960 R‘ebelms
920 3885 992 3973 (d)
1030 3883 1066 3955 in
1092 3879 1251 3956 inferiori
1277 3880 1420 3957 Guinea
1457 3884 1502 3956 ad
1527 3879 1628 3957 suam
1655 3885 1745 3961 die·

189 3990 323 4069 -cefim
349 3989 546 4086 pertinente
571 3986 748 4062 termille
784 3984 911 4060 versari
948 3983 1050 4072 hujus
1085 3982 1220 4081 negotii
1255 3977 1432 4073 faetores,
1458 3980 1651 4082 exquibus
1686 3983 1745 4059 vix

213 4092 357 4170 ducenti
380 4082 559 4188 praeoepro
584 4085 810 4163 consessronis
836 4108 957 4163 annuo
982 4080 1225 4160 satisfaciunt.
1251 4078 1352 4180 Quid
1377 4081 1549 4162 curabunt
1579 4080 1745 4165 homines

193 4195 255 4273 -id
279 4215 388 4293 genus
413 4193 458 4265 de
485 4193 595 4269 titulo
619 4190 750 4290 Nigrus
774 4189 1029 4288 mancipandi?
1571 4200 1574 4207 '
1801 4237 1806 4246 ·

268 4317 305 4395 3.
330 4294 472 4370 Servitii
498 4316 640 4393 genus,
676 4295 721 4368 ad
758 4293 856 4391 qnod
892 4290 1111 4366 destinantur
1135 4285 1347 4385 AEthiopes,
1385 4290 1542 4365 multum
1566 4288 1665 4379 iuvat
1699 4287 1747 4364 ad

217 4400 447 4496 iniquitatem
474 4396 680 4473 commercii
694 4423 704 4485 ;
731 4420 814 4470 nam
842 4395 926 4494 licet
950 4396 986 4468 in
1013 4387 1254 4489 Hispanorum
1280 4391 1441 4466 domibus
1466 4398 1503 4468 ὃ(
1528 4390 1663 4493 praediis
1673 4395 1749 4467 non
1770 4458 1773 4463 .

211 4504 323 4577 nimis
348 4502 477 4572 duram
502 4497 706 4582 servitutem
732 4494 905 4586 serviant,
934 4497 971 4569 in
996 4493 1050 4568 his
1075 4493 1201 4568 saltem
1228 4491 1452 4565 vicinioribus
1478 4493 1689 4587 provinciis3
1709 4509 1750 4567 at

193 4605 323 4685 -anulti
351 4601 396 4678 ad
421 4595 565 4676 fodinas
588 4599 825 4696 deputantur,
850 4597 912 4672 ubi
938 4594 1073 4679 nimio,
1098 4593 1198 4692 gravi
1221 4644 1233 4685 ,
1259 4594 1296 4667 ὰ
1321 4587 1457 4668 insueto
1481 4593 1634 4682 labore,
1659 4615 1749 4666 moe-

1618 4697 1718 4765 rore²
1852 4763 1857 4772 ,

192 4949 196 4953 ⁴
261 4971 321 5042 (a)
342 4975 436 5041 usna!
453 4977 536 5034 eund.
557 4988 617 5042 σας.
637 4973 698 5036 aa·
717 4973 776 5029 aa.
819 4918 986 5040 (bladastes
1005 4965 1088 5026 eund.
1109 4980 1168 5025 aa·
1187 4964 1245 5024 La.
1262 4908 1410 5037 papam
1563 5042 1566 5047 Ι

261 5051 314 5131 (c)
336 5045 822 5125 tdercau,1.2.vecmmail.
843 5064 924 5110 aar.
960 5042 1018 5123 (d)
1037 5032 1742 5145 descitum·amonim.nee-fiadup.
