<?xml version="1.0" encoding="UTF-8"?>
<!DOCTYPE html PUBLIC "-//W3C//DTD XHTML 1.0 Transitional//EN"
    "http://www.w3.org/TR/xhtml1/DTD/xhtml1-transitional.dtd">
<html xmlns="http://www.w3.org/1999/xhtml" xml:lang="en" lang="en">
 <head>
  <title>
</title>
<meta http-equiv="Content-Type" content="text/html;charset=utf-8" />
  <meta name='ocr-system' content='tesseract 3.04.00' />
  <meta name='ocr-capabilities' content='ocr_page ocr_carea ocr_par ocr_line ocrx_word'/>
</head>
<body>
  <div class='ocr_page' id='page_1' title='image "./fastinoviorbise00moregoog_0403.png"; bbox 0 0 3856 5678; ppageno 0'>
   <div class='ocr_carea' id='block_1_1' title="bbox 402 258 1421 386">
    <p class='ocr_par' dir='ltr' id='par_1_1' title="bbox 402 258 1421 386">
     <span class='ocr_line' id='line_1_1' title="bbox 402 258 1421 386; baseline -0.003 -23"><span class='ocrx_word' id='word_1_1' title='bbox 402 258 479 386; x_wconf 70' lang='lat' dir='ltr'>a‘io</span> <span class='ocrx_word' id='word_1_2' title='bbox 835 272 1421 361; x_wconf 79' lang='lat' dir='ltr'>Onnttenrtouts</span> 
     </span>
    </p>
   </div>
   <div class='ocr_carea' id='block_1_2' title="bbox 338 418 1926 4979">
    <p class='ocr_par' dir='ltr' id='par_1_2' title="bbox 352 418 1916 829">
     <span class='ocr_line' id='line_1_2' title="bbox 353 418 1885 521; baseline 0.001 -19"><span class='ocrx_word' id='word_1_3' title='bbox 353 443 447 503; x_wconf 90' lang='lat' dir='ltr'>tores</span> <span class='ocrx_word' id='word_1_4' title='bbox 471 433 507 505; x_wconf 79' lang='lat' dir='ltr'>bt</span> <span class='ocrx_word' id='word_1_5' title='bbox 531 423 731 501; x_wconf 87' lang='lat' dir='ltr'>ordinarios</span> <span class='ocrx_word' id='word_1_6' title='bbox 755 441 837 498; x_wconf 88' lang='lat' dir='ltr'>orta</span> <span class='ocrx_word' id='word_1_7' title='bbox 862 419 969 497; x_wconf 90' lang='lat' dir='ltr'>suerit</span> <span class='ocrx_word' id='word_1_8' title='bbox 994 419 1095 521; x_wconf 85' lang='lat' dir='ltr'>super</span> <span class='ocrx_word' id='word_1_9' title='bbox 1119 418 1365 511; x_wconf 75' lang='lat' dir='ltr'>jurisoiuionis</span> <span class='ocrx_word' id='word_1_10' title='bbox 1399 424 1638 521; x_wconf 76' lang='lat' dir='ltr'>competentia</span> <span class='ocrx_word' id='word_1_11' title='bbox 1674 440 1885 509; x_wconf 80' lang='lat' dir='ltr'>controver-</span> 
     </span>
     <span class='ocr_line' id='line_1_3' title="bbox 353 521 1884 627; baseline -0.001 -24"><span class='ocrx_word' id='word_1_12' title='bbox 353 528 424 619; x_wconf 86' lang='lat' dir='ltr'>sta,</span> <span class='ocrx_word' id='word_1_13' title='bbox 451 550 674 627; x_wconf 81' lang='lat' dir='ltr'>nequaquam</span> <span class='ocrx_word' id='word_1_14' title='bbox 701 525 911 624; x_wconf 76' lang='lat' dir='ltr'>procedatur</span> <span class='ocrx_word' id='word_1_15' title='bbox 936 525 1049 601; x_wconf 92' lang='lat' dir='ltr'>donec</span> <span class='ocrx_word' id='word_1_16' title='bbox 1075 549 1137 623; x_wconf 92' lang='lat' dir='ltr'>per</span> <span class='ocrx_word' id='word_1_17' title='bbox 1163 524 1312 598; x_wconf 79' lang='lat' dir='ltr'>arbitros</span> <span class='ocrx_word' id='word_1_18' title='bbox 1339 521 1446 598; x_wconf 88' lang='lat' dir='ltr'>fuerit</span> <span class='ocrx_word' id='word_1_19' title='bbox 1471 523 1610 601; x_wconf 89' lang='lat' dir='ltr'>decisa.</span> <span class='ocrx_word' id='word_1_20' title='bbox 1641 525 1742 603; x_wconf 75' lang='lat' dir='ltr'>&#39;Non</span> <span class='ocrx_word' id='word_1_21' title='bbox 1767 528 1884 625; x_wconf 86' lang='lat' dir='ltr'>probi·</span> 
     </span>
     <span class='ocr_line' id='line_1_4' title="bbox 352 625 1916 729; baseline 0.001 -25"><span class='ocrx_word' id='word_1_22' title='bbox 352 631 439 721; x_wconf 88' lang='lat' dir='ltr'>bet,</span> <span class='ocrx_word' id='word_1_23' title='bbox 466 633 551 729; x_wconf 90' lang='lat' dir='ltr'>quin</span> <span class='ocrx_word' id='word_1_24' title='bbox 577 648 700 728; x_wconf 87' lang='lat' dir='ltr'>petant</span> <span class='ocrx_word' id='word_1_25' title='bbox 724 627 901 718; x_wconf 76' lang='lat' dir='ltr'>judicesd</span> <span class='ocrx_word' id='word_1_26' title='bbox 936 629 1149 724; x_wconf 81' lang='lat' dir='ltr'>prinpribus</span> <span class='ocrx_word' id='word_1_27' title='bbox 1173 625 1425 718; x_wconf 72' lang='lat' dir='ltr'>sacularibus,</span> <span class='ocrx_word' id='word_1_28' title='bbox 1462 626 1659 706; x_wconf 90' lang='lat' dir='ltr'>dummodo</span> <span class='ocrx_word' id='word_1_29' title='bbox 1684 626 1757 707; x_wconf 80' lang='lat' dir='ltr'>sant</span> <span class='ocrx_word' id='word_1_30' title='bbox 1778 632 1916 706; x_wconf 54' lang='lat' dir='ltr'>&#39;adm</span> 
     </span>
     <span class='ocr_line' id='line_1_5' title="bbox 353 726 1433 829; baseline -0.003 -25"><span class='ocrx_word' id='word_1_31' title='bbox 353 754 429 826; x_wconf 88' lang='lat' dir='ltr'>res,</span> <span class='ocrx_word' id='word_1_32' title='bbox 456 737 626 829; x_wconf 84' lang='lat' dir='ltr'>&amp;agant</span> <span class='ocrx_word' id='word_1_33' title='bbox 652 754 778 807; x_wconf 88' lang='lat' dir='ltr'>contra</span> <span class='ocrx_word' id='word_1_34' title='bbox 803 728 967 822; x_wconf 82' lang='lat' dir='ltr'>la’icum,</span> <span class='ocrx_word' id='word_1_35' title='bbox 993 733 1029 806; x_wconf 79' lang='lat' dir='ltr'>dc</span> <span class='ocrx_word' id='word_1_36' title='bbox 1054 728 1158 805; x_wconf 89' lang='lat' dir='ltr'>causa</span> <span class='ocrx_word' id='word_1_37' title='bbox 1185 726 1230 803; x_wconf 88' lang='lat' dir='ltr'>stt</span> <span class='ocrx_word' id='word_1_38' title='bbox 1262 726 1433 826; x_wconf 87' lang='lat' dir='ltr'>profana.</span> 
     </span>
    </p>

    <p class='ocr_par' dir='ltr' id='par_1_3' title="bbox 349 829 1874 2052">
     <span class='ocr_line' id='line_1_6' title="bbox 404 829 1874 930; baseline 0.002 -19"><span class='ocrx_word' id='word_1_39' title='bbox 404 838 504 925; x_wconf 81' lang='lat'><em>(111)</em></span> <span class='ocrx_word' id='word_1_40' title='bbox 541 832 716 930; x_wconf 72' lang='lat' dir='ltr'>Religiosor</span> <span class='ocrx_word' id='word_1_41' title='bbox 752 833 930 907; x_wconf 82' lang='lat' dir='ltr'>Societatis</span> <span class='ocrx_word' id='word_1_42' title='bbox 954 829 1059 924; x_wconf 74' lang='lat' dir='ltr'>jesu.</span> <span class='ocrx_word' id='word_1_43' title='bbox 1097 830 1317 927; x_wconf 83' lang='lat' dir='ltr'>Exprimitur</span> <span class='ocrx_word' id='word_1_44' title='bbox 1350 831 1568 911; x_wconf 82' lang='lat' dir='ltr'>nominatim</span> <span class='ocrx_word' id='word_1_45' title='bbox 1602 833 1641 906; x_wconf 89' lang='lat' dir='ltr'>in</span> <span class='ocrx_word' id='word_1_46' title='bbox 1675 831 1747 907; x_wconf 88' lang='lat' dir='ltr'>Itac</span> <span class='ocrx_word' id='word_1_47' title='bbox 1785 836 1874 913; x_wconf 84' lang='lat' dir='ltr'>&amp;in</span> 
     </span>
     <span class='ocr_line' id='line_1_7' title="bbox 351 930 1870 1032; baseline -0.001 -18"><span class='ocrx_word' id='word_1_48' title='bbox 351 938 431 1014; x_wconf 92' lang='lat' dir='ltr'>aliis</span> <span class='ocrx_word' id='word_1_49' title='bbox 467 935 570 1025; x_wconf 86' lang='lat' dir='ltr'>hujus</span> <span class='ocrx_word' id='word_1_50' title='bbox 605 937 803 1032; x_wconf 89' lang='lat' dir='ltr'>argumenti</span> <span class='ocrx_word' id='word_1_51' title='bbox 838 931 1146 1009; x_wconf 86' lang='lat' dir='ltr'>constitutionibus</span> <span class='ocrx_word' id='word_1_52' title='bbox 1180 931 1240 1006; x_wconf 90' lang='lat' dir='ltr'>hic</span> <span class='ocrx_word' id='word_1_53' title='bbox 1265 930 1369 1007; x_wconf 93' lang='lat' dir='ltr'>Ordo</span> <span class='ocrx_word' id='word_1_54' title='bbox 1404 954 1547 1029; x_wconf 90' lang='lat' dir='ltr'>propter</span> <span class='ocrx_word' id='word_1_55' title='bbox 1581 933 1870 1030; x_wconf 78' lang='lat' dir='ltr'>concessionem,</span> 
     </span>
     <span class='ocr_line' id='line_1_8' title="bbox 349 1030 1869 1138; baseline 0.001 -25"><span class='ocrx_word' id='word_1_56' title='bbox 349 1064 427 1138; x_wconf 86' lang='lat' dir='ltr'>quae</span> <span class='ocrx_word' id='word_1_57' title='bbox 462 1040 495 1115; x_wconf 91' lang='lat' dir='ltr'>ei</span> <span class='ocrx_word' id='word_1_58' title='bbox 531 1036 729 1136; x_wconf 79' lang='lat' dir='ltr'>specialiter</span> <span class='ocrx_word' id='word_1_59' title='bbox 763 1035 854 1113; x_wconf 74' lang='lat' dir='ltr'>sassa</span> <span class='ocrx_word' id='word_1_60' title='bbox 880 1057 957 1112; x_wconf 88' lang='lat' dir='ltr'>erat</span> <span class='ocrx_word' id='word_1_61' title='bbox 993 1037 1014 1108; x_wconf 79' lang='lat' dir='ltr'>a</span> <span class='ocrx_word' id='word_1_62' title='bbox 1048 1034 1229 1133; x_wconf 86' lang='lat' dir='ltr'>Gregorio</span> <span class='ocrx_word' id='word_1_63' title='bbox 1253 1030 1359 1109; x_wconf 91' lang='lat' dir='ltr'>XIII.</span> <span class='ocrx_word' id='word_1_64' title='bbox 1398 1058 1495 1108; x_wconf 90' lang='lat' dir='ltr'>anno</span> <span class='ocrx_word' id='word_1_65' title='bbox 1526 1056 1643 1131; x_wconf 59' lang='lat'>1572.</span> <span class='ocrx_word' id='word_1_66' title='bbox 1680 1037 1720 1110; x_wconf 93' lang='lat' dir='ltr'>in</span> <span class='ocrx_word' id='word_1_67' title='bbox 1755 1035 1869 1115; x_wconf 88' lang='lat' dir='ltr'>Conll.</span> 
     </span>
     <span class='ocr_line' id='line_1_9' title="bbox 349 1133 1866 1239; baseline -0.001 -22"><span class='ocrx_word' id='word_1_68' title='bbox 349 1149 512 1239; x_wconf 67' lang='lat' dir='ltr'>AEqaum</span> <span class='ocrx_word' id='word_1_69' title='bbox 535 1156 748 1238; x_wconf 73' lang='lat' dir='ltr'>reportamur,</span> <span class='ocrx_word' id='word_1_70' title='bbox 774 1136 929 1229; x_wconf 89' lang='lat' dir='ltr'>scilicet,</span> <span class='ocrx_word' id='word_1_71' title='bbox 956 1144 1001 1211; x_wconf 79' lang='lat' dir='ltr'>Ur</span> <span class='ocrx_word' id='word_1_72' title='bbox 1028 1137 1066 1211; x_wconf 92' lang='lat' dir='ltr'>in</span> <span class='ocrx_word' id='word_1_73' title='bbox 1101 1135 1374 1236; x_wconf 78' lang='lat' dir='ltr'>quibuscumque</span> <span class='ocrx_word' id='word_1_74' title='bbox 1399 1133 1533 1226; x_wconf 76' lang='lat' dir='ltr'>causas,</span> <span class='ocrx_word' id='word_1_75' title='bbox 1572 1152 1650 1212; x_wconf 87' lang='lat' dir='ltr'>tam</span> <span class='ocrx_word' id='word_1_76' title='bbox 1676 1139 1866 1233; x_wconf 81' lang='lat' dir='ltr'>civilibus,</span> 
     </span>
     <span class='ocr_line' id='line_1_10' title="bbox 350 1230 1869 1343; baseline 0.001 -26"><span class='ocrx_word' id='word_1_77' title='bbox 350 1269 460 1343; x_wconf 87' lang='lat' dir='ltr'>quam</span> <span class='ocrx_word' id='word_1_78' title='bbox 486 1242 748 1331; x_wconf 80' lang='lat' dir='ltr'>criminalibus,</span> <span class='ocrx_word' id='word_1_79' title='bbox 774 1241 960 1330; x_wconf 72' lang='lat' dir='ltr'>demittis,</span> <span class='ocrx_word' id='word_1_80' title='bbox 985 1240 1098 1315; x_wconf 85' lang='lat' dir='ltr'>etlam</span> <span class='ocrx_word' id='word_1_81' title='bbox 1122 1238 1255 1330; x_wconf 87' lang='lat' dir='ltr'>ineis,</span> <span class='ocrx_word' id='word_1_82' title='bbox 1282 1239 1321 1313; x_wconf 93' lang='lat' dir='ltr'>in</span> <span class='ocrx_word' id='word_1_83' title='bbox 1346 1230 1478 1334; x_wconf 84' lang='lat' dir='ltr'>quibus</span> <span class='ocrx_word' id='word_1_84' title='bbox 1496 1239 1651 1330; x_wconf 66' lang='lat' dir='ltr'>adores,</span> <span class='ocrx_word' id='word_1_85' title='bbox 1678 1244 1869 1319; x_wconf 74' lang='lat' dir='ltr'>&amp;convu-</span> 
     </span>
     <span class='ocr_line' id='line_1_11' title="bbox 353 1335 1869 1439; baseline -0.001 -17"><span class='ocrx_word' id='word_1_86' title='bbox 353 1349 382 1422; x_wconf 91' lang='lat' dir='ltr'>ti</span> <span class='ocrx_word' id='word_1_87' title='bbox 409 1346 459 1421; x_wconf 92' lang='lat' dir='ltr'>rei</span> <span class='ocrx_word' id='word_1_88' title='bbox 484 1342 625 1436; x_wconf 84' lang='lat' dir='ltr'>forent,</span> <span class='ocrx_word' id='word_1_89' title='bbox 666 1362 790 1417; x_wconf 88' lang='lat' dir='ltr'>omnes</span> <span class='ocrx_word' id='word_1_90' title='bbox 823 1337 987 1439; x_wconf 85' lang='lat' dir='ltr'>personas</span> <span class='ocrx_word' id='word_1_91' title='bbox 1021 1341 1060 1414; x_wconf 92' lang='lat' dir='ltr'>in</span> <span class='ocrx_word' id='word_1_92' title='bbox 1084 1339 1260 1436; x_wconf 85' lang='lat' dir='ltr'>dignitate</span> <span class='ocrx_word' id='word_1_93' title='bbox 1284 1335 1512 1414; x_wconf 82' lang='lat' dir='ltr'>ecclefiallica</span> <span class='ocrx_word' id='word_1_94' title='bbox 1548 1340 1786 1435; x_wconf 85' lang='lat' dir='ltr'>constitutas,</span> <span class='ocrx_word' id='word_1_95' title='bbox 1821 1368 1869 1421; x_wconf 86' lang='lat' dir='ltr'>ca·</span> 
     </span>
     <span class='ocr_line' id='line_1_12' title="bbox 350 1439 1865 1541; baseline 0 -19"><span class='ocrx_word' id='word_1_96' title='bbox 350 1447 568 1523; x_wconf 88' lang='lat' dir='ltr'>thedralium</span> <span class='ocrx_word' id='word_1_97' title='bbox 593 1446 806 1535; x_wconf 86' lang='lat' dir='ltr'>canonicos,</span> <span class='ocrx_word' id='word_1_98' title='bbox 831 1446 867 1519; x_wconf 80' lang='lat' dir='ltr'>dc</span> <span class='ocrx_word' id='word_1_99' title='bbox 893 1442 1148 1540; x_wconf 90' lang='lat' dir='ltr'>Episcoporum</span> <span class='ocrx_word' id='word_1_100' title='bbox 1183 1441 1332 1516; x_wconf 90' lang='lat' dir='ltr'>vicarios</span> <span class='ocrx_word' id='word_1_101' title='bbox 1356 1445 1534 1537; x_wconf 84' lang='lat' dir='ltr'>generales</span> <span class='ocrx_word' id='word_1_102' title='bbox 1557 1439 1698 1541; x_wconf 81' lang='lat' dir='ltr'>possent</span> <span class='ocrx_word' id='word_1_103' title='bbox 1733 1444 1865 1522; x_wconf 78' lang='lat' dir='ltr'>assume</span> 
     </span>
     <span class='ocr_line' id='line_1_13' title="bbox 352 1538 1868 1636; baseline -0.003 -10"><span class='ocrx_word' id='word_1_104' title='bbox 352 1551 456 1626; x_wconf 90' lang='lat' dir='ltr'>rein</span> <span class='ocrx_word' id='word_1_105' title='bbox 491 1544 814 1623; x_wconf 86' lang='lat' dir='ltr'>conservatores&amp;</span> <span class='ocrx_word' id='word_1_106' title='bbox 836 1545 966 1636; x_wconf 72' lang='lat' dir='ltr'>indices</span> <span class='ocrx_word' id='word_1_107' title='bbox 998 1543 1205 1617; x_wconf 76' lang='lat' dir='ltr'>ordinarios.</span> <span class='ocrx_word' id='word_1_108' title='bbox 1242 1538 1293 1616; x_wconf 89' lang='lat' dir='ltr'>Et</span> <span class='ocrx_word' id='word_1_109' title='bbox 1315 1541 1400 1616; x_wconf 81' lang='lat' dir='ltr'>ticet</span> <span class='ocrx_word' id='word_1_110' title='bbox 1423 1543 1550 1618; x_wconf 89' lang='lat' dir='ltr'>eadem</span> <span class='ocrx_word' id='word_1_111' title='bbox 1587 1543 1799 1622; x_wconf 82' lang='lat' dir='ltr'>constitutio</span> <span class='ocrx_word' id='word_1_112' title='bbox 1830 1549 1868 1624; x_wconf 85' lang='lat' dir='ltr'>ad</span> 
     </span>
     <span class='ocr_line' id='line_1_14' title="bbox 349 1644 1867 1819; baseline -0.002 -92"><span class='ocrx_word' id='word_1_113' title='bbox 349 1650 402 1727; x_wconf 92' lang='lat' dir='ltr'>sui</span> <span class='ocrx_word' id='word_1_114' title='bbox 426 1649 700 1746; x_wconf 89' lang='lat' dir='ltr'>derogationem</span> <span class='ocrx_word' id='word_1_115' title='bbox 724 1649 838 1747; x_wconf 85' lang='lat' dir='ltr'>plures</span> <span class='ocrx_word' id='word_1_116' title='bbox 864 1645 1087 1722; x_wconf 89' lang='lat' dir='ltr'>conditiones</span> <span class='ocrx_word' id='word_1_117' title='bbox 1110 1644 1324 1819; x_wconf 51' lang='lat' dir='ltr'>retptireret,</span> <span class='ocrx_word' id='word_1_118' title='bbox 1349 1645 1513 1719; x_wconf 88' lang='lat' dir='ltr'>omnibus</span> <span class='ocrx_word' id='word_1_119' title='bbox 1543 1646 1724 1745; x_wconf 82' lang='lat' dir='ltr'>derogare</span> <span class='ocrx_word' id='word_1_120' title='bbox 1760 1646 1867 1725; x_wconf 84' lang='lat' dir='ltr'>voluis·</span> 
     </span>
     <span class='ocr_line' id='line_1_15' title="bbox 349 1740 1864 1855; baseline 0 -28"><span class='ocrx_word' id='word_1_121' title='bbox 349 1753 385 1855; x_wconf 71' lang='lat' dir='ltr'>se</span> <span class='ocrx_word' id='word_1_122' title='bbox 410 1749 574 1849; x_wconf 87' lang='lat' dir='ltr'>praesente</span> <span class='ocrx_word' id='word_1_123' title='bbox 599 1750 826 1825; x_wconf 88' lang='lat' dir='ltr'>ordinatione</span> <span class='ocrx_word' id='word_1_124' title='bbox 850 1748 934 1824; x_wconf 90' lang='lat' dir='ltr'>satis</span> <span class='ocrx_word' id='word_1_125' title='bbox 958 1748 1150 1823; x_wconf 89' lang='lat' dir='ltr'>declaravit</span> <span class='ocrx_word' id='word_1_126' title='bbox 1189 1740 1326 1821; x_wconf 80' lang='lat' dir='ltr'>ontifex</span> <span class='ocrx_word' id='word_1_127' title='bbox 1351 1741 1542 1820; x_wconf 85' lang='lat' dir='ltr'>successor.</span> <span class='ocrx_word' id='word_1_128' title='bbox 1569 1746 1689 1848; x_wconf 87' lang='lat' dir='ltr'>lisque</span> <span class='ocrx_word' id='word_1_129' title='bbox 1713 1750 1864 1827; x_wconf 86' lang='lat' dir='ltr'>omnibus</span> 
     </span>
     <span class='ocr_line' id='line_1_16' title="bbox 351 1845 1865 1951; baseline 0 -22"><span class='ocrx_word' id='word_1_130' title='bbox 351 1855 564 1951; x_wconf 89' lang='lat' dir='ltr'>derogatum</span> <span class='ocrx_word' id='word_1_131' title='bbox 590 1849 657 1927; x_wconf 89' lang='lat' dir='ltr'>else</span> <span class='ocrx_word' id='word_1_132' title='bbox 683 1850 789 1951; x_wconf 75' lang='lat' dir='ltr'>probe</span> <span class='ocrx_word' id='word_1_133' title='bbox 813 1870 963 1926; x_wconf 87' lang='lat' dir='ltr'>noverat</span> <span class='ocrx_word' id='word_1_134' title='bbox 988 1848 1094 1925; x_wconf 89' lang='lat' dir='ltr'>Ordo</span> <span class='ocrx_word' id='word_1_135' title='bbox 1117 1849 1177 1923; x_wconf 91' lang='lat' dir='ltr'>ille</span> <span class='ocrx_word' id='word_1_136' title='bbox 1202 1845 1315 1923; x_wconf 89' lang='lat' dir='ltr'>etiam</span> <span class='ocrx_word' id='word_1_137' title='bbox 1340 1870 1422 1921; x_wconf 90' lang='lat' dir='ltr'>cum</span> <span class='ocrx_word' id='word_1_138' title='bbox 1447 1846 1579 1941; x_wconf 86' lang='lat' dir='ltr'>staret,</span> <span class='ocrx_word' id='word_1_139' title='bbox 1603 1856 1643 1927; x_wconf 81' lang='lat' dir='ltr'>dc</span> <span class='ocrx_word' id='word_1_140' title='bbox 1675 1871 1805 1931; x_wconf 87' lang='lat' dir='ltr'>notum</span> <span class='ocrx_word' id='word_1_141' title='bbox 1825 1848 1865 1929; x_wconf 90' lang='lat' dir='ltr'>se·</span> 
     </span>
     <span class='ocr_line' id='line_1_17' title="bbox 352 1947 1670 2052; baseline -0.002 -23"><span class='ocrx_word' id='word_1_142' title='bbox 352 1977 451 2036; x_wconf 90' lang='lat' dir='ltr'>cerat</span> <span class='ocrx_word' id='word_1_143' title='bbox 476 1956 515 2030; x_wconf 94' lang='lat' dir='ltr'>in</span> <span class='ocrx_word' id='word_1_144' title='bbox 539 1952 766 2052; x_wconf 88' lang='lat' dir='ltr'>Compendio</span> <span class='ocrx_word' id='word_1_145' title='bbox 791 1951 919 2029; x_wconf 91' lang='lat' dir='ltr'>Indico</span> <span class='ocrx_word' id='word_1_146' title='bbox 943 1950 1212 2047; x_wconf 86' lang='lat' dir='ltr'>Privilegionun</span> <span class='ocrx_word' id='word_1_147' title='bbox 1238 1947 1357 2023; x_wconf 84' lang='lat' dir='ltr'>Verbo</span> <span class='ocrx_word' id='word_1_148' title='bbox 1381 1948 1640 2043; x_wconf 68' lang='lat' dir='ltr'>conservatores</span> <span class='ocrx_word' id='word_1_149' title='bbox 1651 1966 1670 2027; x_wconf 82' lang='grc'>.“</span> 
     </span>
    </p>

    <p class='ocr_par' dir='ltr' id='par_1_4' title="bbox 338 2047 1926 4979">
     <span class='ocr_line' id='line_1_18' title="bbox 403 2047 1868 2151; baseline -0.001 -18"><span class='ocrx_word' id='word_1_150' title='bbox 403 2063 500 2146; x_wconf 86' lang='lat' dir='ltr'>(lv)</span> <span class='ocrx_word' id='word_1_151' title='bbox 524 2056 565 2129; x_wconf 86' lang='lat' dir='ltr'>Si</span> <span class='ocrx_word' id='word_1_152' title='bbox 589 2053 831 2151; x_wconf 80' lang='lat' dir='ltr'>conservatores</span> <span class='ocrx_word' id='word_1_153' title='bbox 855 2081 914 2130; x_wconf 80' lang='lat' dir='ltr'>noa</span> <span class='ocrx_word' id='word_1_154' title='bbox 939 2052 1206 2128; x_wconf 75' lang='lat' dir='ltr'>nominaverint.</span> <span class='ocrx_word' id='word_1_155' title='bbox 1241 2047 1339 2147; x_wconf 86' lang='lat' dir='ltr'>Ergo</span> <span class='ocrx_word' id='word_1_156' title='bbox 1363 2047 1391 2123; x_wconf 89' lang='lat' dir='ltr'>st</span> <span class='ocrx_word' id='word_1_157' title='bbox 1427 2054 1712 2145; x_wconf 83' lang='lat' dir='ltr'>nominaverint,</span> <span class='ocrx_word' id='word_1_158' title='bbox 1742 2054 1868 2131; x_wconf 80' lang='lat' dir='ltr'>&#39;conve</span> 
     </span>
     <span class='ocr_line' id='line_1_19' title="bbox 354 2150 1926 2268; baseline -0.001 -32"><span class='ocrx_word' id='word_1_159' title='bbox 354 2160 424 2236; x_wconf 90' lang='lat' dir='ltr'>niti</span> <span class='ocrx_word' id='word_1_160' title='bbox 449 2182 525 2232; x_wconf 93' lang='lat' dir='ltr'>non</span> <span class='ocrx_word' id='word_1_161' title='bbox 550 2154 687 2255; x_wconf 84' lang='lat' dir='ltr'>possunt</span> <span class='ocrx_word' id='word_1_162' title='bbox 712 2182 837 2234; x_wconf 89' lang='lat' dir='ltr'>coram</span> <span class='ocrx_word' id='word_1_163' title='bbox 861 2154 1077 2231; x_wconf 83' lang='lat' dir='ltr'>Ordinatio.</span> <span class='ocrx_word' id='word_1_164' title='bbox 1104 2153 1152 2232; x_wconf 87' lang='lat' dir='ltr'>Et</span> <span class='ocrx_word' id='word_1_165' title='bbox 1176 2151 1252 2226; x_wconf 81' lang='lat' dir='ltr'>baec</span> <span class='ocrx_word' id='word_1_166' title='bbox 1276 2150 1482 2268; x_wconf 67' lang='lat' dir='ltr'>clipeatis,</span> <span class='ocrx_word' id='word_1_167' title='bbox 1508 2154 1553 2230; x_wconf 91' lang='lat' dir='ltr'>de</span> <span class='ocrx_word' id='word_1_168' title='bbox 1577 2180 1649 2255; x_wconf 92' lang='lat' dir='ltr'>qua</span> <span class='ocrx_word' id='word_1_169' title='bbox 1669 2155 1863 2255; x_wconf 87' lang='lat' dir='ltr'>supraOrd.</span> <span class='ocrx_word' id='word_1_170' title='bbox 1924 2202 1926 2235; x_wconf 78' lang='lat' dir='ltr'>t</span> 
     </span>
     <span class='ocr_line' id='line_1_20' title="bbox 352 2249 1864 2461; baseline -0.001 -23"><span class='ocrx_word' id='word_1_171' title='bbox 352 2249 1864 2461; x_wconf 50' lang='lat' dir='ltr'>ltssttlllrlslsll..stilissiffissqilltlttmtadl‘ld</span> 
     </span>
     <span class='ocr_line' id='line_1_21' title="bbox 353 2451 1863 2564; baseline -0.004 -22"><span class='ocrx_word' id='word_1_172' title='bbox 353 2492 436 2542; x_wconf 90' lang='lat' dir='ltr'>rum</span> <span class='ocrx_word' id='word_1_173' title='bbox 460 2463 740 2557; x_wconf 88' lang='lat' dir='ltr'>resolutionum,</span> <span class='ocrx_word' id='word_1_174' title='bbox 765 2461 887 2564; x_wconf 85' lang='lat' dir='ltr'>quibus</span> <span class='ocrx_word' id='word_1_175' title='bbox 922 2459 1158 2550; x_wconf 87' lang='lat' dir='ltr'>declaratur,</span> <span class='ocrx_word' id='word_1_176' title='bbox 1184 2458 1222 2532; x_wconf 93' lang='lat' dir='ltr'>in</span> <span class='ocrx_word' id='word_1_177' title='bbox 1247 2451 1356 2531; x_wconf 91' lang='lat' dir='ltr'>causts</span> <span class='ocrx_word' id='word_1_178' title='bbox 1382 2460 1641 2557; x_wconf 86' lang='lat' dir='ltr'>requirentibus</span> <span class='ocrx_word' id='word_1_179' title='bbox 1678 2463 1863 2562; x_wconf 86' lang='lat' dir='ltr'>indaginem</span> 
     </span>
     <span class='ocr_line' id='line_1_22' title="bbox 353 2559 1861 2659; baseline -0.002 -16"><span class='ocrx_word' id='word_1_180' title='bbox 353 2569 558 2659; x_wconf 81' lang='lat' dir='ltr'>iudicialem</span> <span class='ocrx_word' id='word_1_181' title='bbox 583 2591 659 2642; x_wconf 91' lang='lat' dir='ltr'>nou</span> <span class='ocrx_word' id='word_1_182' title='bbox 683 2564 751 2643; x_wconf 84' lang='lat' dir='ltr'>else</span> <span class='ocrx_word' id='word_1_183' title='bbox 776 2563 1034 2640; x_wconf 88' lang='lat' dir='ltr'>conveniendos</span> <span class='ocrx_word' id='word_1_184' title='bbox 1058 2562 1234 2658; x_wconf 84' lang='lat' dir='ltr'>regulares</span> <span class='ocrx_word' id='word_1_185' title='bbox 1258 2559 1371 2635; x_wconf 90' lang='lat' dir='ltr'>etiam</span> <span class='ocrx_word' id='word_1_186' title='bbox 1393 2584 1472 2636; x_wconf 90' lang='lat' dir='ltr'>reos</span> <span class='ocrx_word' id='word_1_187' title='bbox 1496 2586 1624 2641; x_wconf 86' lang='lat' dir='ltr'>coram</span> <span class='ocrx_word' id='word_1_188' title='bbox 1656 2565 1861 2645; x_wconf 83' lang='lat' dir='ltr'>conservato</span> 
     </span>
     <span class='ocr_line' id='line_1_23' title="bbox 351 2656 1862 2766; baseline 0 -22"><span class='ocrx_word' id='word_1_189' title='bbox 351 2668 466 2762; x_wconf 87' lang='lat' dir='ltr'>ribus,</span> <span class='ocrx_word' id='word_1_190' title='bbox 492 2668 552 2745; x_wconf 92' lang='lat' dir='ltr'>sed</span> <span class='ocrx_word' id='word_1_191' title='bbox 587 2693 711 2742; x_wconf 86' lang='lat' dir='ltr'>coram</span> <span class='ocrx_word' id='word_1_192' title='bbox 735 2665 948 2742; x_wconf 82' lang='lat' dir='ltr'>Ordinatio.</span> <span class='ocrx_word' id='word_1_193' title='bbox 974 2661 1015 2738; x_wconf 86' lang='lat' dir='ltr'>P.</span> <span class='ocrx_word' id='word_1_194' title='bbox 1039 2660 1196 2759; x_wconf 88' lang='lat' dir='ltr'>Joannes</span> <span class='ocrx_word' id='word_1_195' title='bbox 1219 2656 1400 2739; x_wconf 84' lang='lat' dir='ltr'>Martinez</span> <span class='ocrx_word' id='word_1_196' title='bbox 1423 2664 1469 2739; x_wconf 90' lang='lat' dir='ltr'>de</span> <span class='ocrx_word' id='word_1_197' title='bbox 1502 2666 1660 2765; x_wconf 81' lang='lat' dir='ltr'>Ripalda</span> <span class='ocrx_word' id='word_1_198' title='bbox 1682 2666 1723 2743; x_wconf 78' lang='lat'>8.</span> <span class='ocrx_word' id='word_1_199' title='bbox 1746 2666 1780 2765; x_wconf 89' lang='lat' dir='ltr'>J.</span> <span class='ocrx_word' id='word_1_200' title='bbox 1812 2689 1862 2766; x_wconf 83' lang='lat' dir='ltr'>pto</span> 
     </span>
     <span class='ocr_line' id='line_1_24' title="bbox 354 2762 1864 2868; baseline -0.002 -25"><span class='ocrx_word' id='word_1_201' title='bbox 354 2767 541 2844; x_wconf 80' lang='lat' dir='ltr'>Indiarut&#39;n</span> <span class='ocrx_word' id='word_1_202' title='bbox 579 2770 765 2867; x_wconf 91' lang='lat' dir='ltr'>provinciis</span> <span class='ocrx_word' id='word_1_203' title='bbox 803 2786 1011 2866; x_wconf 90' lang='lat' dir='ltr'>procurator</span> <span class='ocrx_word' id='word_1_204' title='bbox 1034 2763 1327 2863; x_wconf 86' lang='lat' dir='ltr'>supplicationem</span> <span class='ocrx_word' id='word_1_205' title='bbox 1360 2765 1405 2840; x_wconf 92' lang='lat' dir='ltr'>de</span> <span class='ocrx_word' id='word_1_206' title='bbox 1429 2762 1598 2847; x_wconf 80' lang='lat' dir='ltr'>schedula</span> <span class='ocrx_word' id='word_1_207' title='bbox 1633 2765 1864 2868; x_wconf 83' lang='lat' dir='ltr'>interposuit.</span> 
     </span>
     <span class='ocr_line' id='line_1_25' title="bbox 357 2866 1862 2969; baseline 0.001 -24"><span class='ocrx_word' id='word_1_208' title='bbox 357 2893 393 2945; x_wconf 80' lang='grc' dir='ltr'>ι.</span> <span class='ocrx_word' id='word_1_209' title='bbox 418 2866 515 2967; x_wconf 68' lang='lat' dir='ltr'>Quia</span> <span class='ocrx_word' id='word_1_210' title='bbox 541 2894 625 2947; x_wconf 86' lang='lat' dir='ltr'>cunt</span> <span class='ocrx_word' id='word_1_211' title='bbox 649 2871 730 2949; x_wconf 82' lang='lat' dir='ltr'>Rex</span> <span class='ocrx_word' id='word_1_212' title='bbox 752 2868 963 2948; x_wconf 88' lang='lat' dir='ltr'>Catholicus</span> <span class='ocrx_word' id='word_1_213' title='bbox 989 2866 1175 2965; x_wconf 91' lang='lat' dir='ltr'>persuum</span> <span class='ocrx_word' id='word_1_214' title='bbox 1200 2867 1239 2941; x_wconf 91' lang='lat' dir='ltr'>in</span> <span class='ocrx_word' id='word_1_215' title='bbox 1263 2889 1413 2942; x_wconf 87' lang='lat' dir='ltr'>romana</span> <span class='ocrx_word' id='word_1_216' title='bbox 1437 2870 1537 2946; x_wconf 90' lang='lat' dir='ltr'>curia</span> <span class='ocrx_word' id='word_1_217' title='bbox 1556 2890 1737 2948; x_wconf 87' lang='lat' dir='ltr'>oratorem</span> <span class='ocrx_word' id='word_1_218' title='bbox 1761 2868 1862 2969; x_wconf 78' lang='lat' dir='ltr'>postu</span> 
     </span>
     <span class='ocr_line' id='line_1_26' title="bbox 353 2967 1862 3071; baseline 0.001 -24"><span class='ocrx_word' id='word_1_219' title='bbox 353 2969 491 3065; x_wconf 88' lang='lat' dir='ltr'>lasset,</span> <span class='ocrx_word' id='word_1_220' title='bbox 525 2992 566 3049; x_wconf 93' lang='lat' dir='ltr'>ut</span> <span class='ocrx_word' id='word_1_221' title='bbox 603 2971 811 3051; x_wconf 76' lang='lat' dir='ltr'>constitutio</span> <span class='ocrx_word' id='word_1_222' title='bbox 834 2970 1004 3071; x_wconf 86' lang='lat' dir='ltr'>Gregorii</span> <span class='ocrx_word' id='word_1_223' title='bbox 1037 2967 1145 3047; x_wconf 88' lang='lat' dir='ltr'>XIII.</span> <span class='ocrx_word' id='word_1_224' title='bbox 1181 2969 1226 3044; x_wconf 93' lang='lat' dir='ltr'>de</span> <span class='ocrx_word' id='word_1_225' title='bbox 1262 2970 1494 3046; x_wconf 86' lang='lat' dir='ltr'>terminandis</span> <span class='ocrx_word' id='word_1_226' title='bbox 1516 2997 1579 3069; x_wconf 89' lang='lat' dir='ltr'>per</span> <span class='ocrx_word' id='word_1_227' title='bbox 1615 2973 1862 3051; x_wconf 83' lang='lat' dir='ltr'>ordinariosin</span> 
     </span>
     <span class='ocr_line' id='line_1_27' title="bbox 353 3071 1862 3171; baseline 0.001 -22"><span class='ocrx_word' id='word_1_228' title='bbox 353 3073 522 3149; x_wconf 79' lang='lat' dir='ltr'>America</span> <span class='ocrx_word' id='word_1_229' title='bbox 547 3075 665 3151; x_wconf 91' lang='lat' dir='ltr'>litibus</span> <span class='ocrx_word' id='word_1_230' title='bbox 688 3075 935 3153; x_wconf 81' lang='lat' dir='ltr'>extenderetur</span> <span class='ocrx_word' id='word_1_231' title='bbox 961 3073 1008 3148; x_wconf 90' lang='lat' dir='ltr'>ad</span> <span class='ocrx_word' id='word_1_232' title='bbox 1030 3088 1234 3170; x_wconf 82' lang='lat' dir='ltr'>exemptos,</span> <span class='ocrx_word' id='word_1_233' title='bbox 1261 3094 1345 3144; x_wconf 90' lang='lat' dir='ltr'>cum</span> <span class='ocrx_word' id='word_1_234' title='bbox 1371 3071 1593 3171; x_wconf 87' lang='lat' dir='ltr'>Apostolicus</span> <span class='ocrx_word' id='word_1_235' title='bbox 1628 3075 1787 3153; x_wconf 85' lang='lat' dir='ltr'>Nuntius</span> <span class='ocrx_word' id='word_1_236' title='bbox 1807 3077 1862 3170; x_wconf 79' lang='lat' dir='ltr'>,d</span> 
     </span>
     <span class='ocr_line' id='line_1_28' title="bbox 352 3171 1861 3278; baseline 0 -28"><span class='ocrx_word' id='word_1_237' title='bbox 352 3173 538 3252; x_wconf 87' lang='lat' dir='ltr'>Ordinnm</span> <span class='ocrx_word' id='word_1_238' title='bbox 561 3176 774 3273; x_wconf 85' lang='lat' dir='ltr'>Generales,</span> <span class='ocrx_word' id='word_1_239' title='bbox 802 3200 841 3256; x_wconf 92' lang='lat' dir='ltr'>ut</span> <span class='ocrx_word' id='word_1_240' title='bbox 865 3196 943 3254; x_wconf 90' lang='lat' dir='ltr'>erat</span> <span class='ocrx_word' id='word_1_241' title='bbox 967 3171 1150 3250; x_wconf 86' lang='lat' dir='ltr'>Pontificis</span> <span class='ocrx_word' id='word_1_242' title='bbox 1175 3193 1320 3264; x_wconf 88' lang='lat' dir='ltr'>votum,</span> <span class='ocrx_word' id='word_1_243' title='bbox 1346 3196 1420 3248; x_wconf 92' lang='lat' dir='ltr'>non</span> <span class='ocrx_word' id='word_1_244' title='bbox 1445 3178 1701 3273; x_wconf 89' lang='lat' dir='ltr'>convenirent,</span> <span class='ocrx_word' id='word_1_245' title='bbox 1736 3204 1797 3278; x_wconf 91' lang='lat' dir='ltr'>per</span> <span class='ocrx_word' id='word_1_246' title='bbox 1815 3175 1861 3251; x_wconf 86' lang='lat' dir='ltr'>Sa·</span> 
     </span>
     <span class='ocr_line' id='line_1_29' title="bbox 354 3275 1862 3379; baseline 0.001 -29"><span class='ocrx_word' id='word_1_247' title='bbox 354 3302 455 3354; x_wconf 84' lang='lat' dir='ltr'>eram</span> <span class='ocrx_word' id='word_1_248' title='bbox 478 3276 805 3379; x_wconf 75' lang='lat' dir='ltr'>congregationem</span> <span class='ocrx_word' id='word_1_249' title='bbox 827 3278 1025 3356; x_wconf 86' lang='lat' dir='ltr'>declaravit</span> <span class='ocrx_word' id='word_1_250' title='bbox 1049 3277 1122 3352; x_wconf 87' lang='lat' dir='ltr'>Sua</span> <span class='ocrx_word' id='word_1_251' title='bbox 1147 3275 1320 3352; x_wconf 71' lang='lat' dir='ltr'>Sanctitas</span> <span class='ocrx_word' id='word_1_252' title='bbox 1361 3297 1417 3373; x_wconf 86' lang='lat'>15.</span> <span class='ocrx_word' id='word_1_253' title='bbox 1443 3280 1557 3376; x_wconf 83' lang='lat' dir='ltr'>April.</span> <span class='ocrx_word' id='word_1_254' title='bbox 1589 3280 1729 3376; x_wconf 60' lang='lat'>1698„</span> <span class='ocrx_word' id='word_1_255' title='bbox 1762 3286 1862 3355; x_wconf 83' lang='lat' dir='ltr'>Reru-</span> 
     </span>
     <span class='ocr_line' id='line_1_30' title="bbox 357 3375 1862 3476; baseline 0 -21"><span class='ocrx_word' id='word_1_256' title='bbox 357 3380 493 3456; x_wconf 79' lang='lat' dir='ltr'>reodam</span> <span class='ocrx_word' id='word_1_257' title='bbox 516 3382 575 3474; x_wconf 78' lang='lat' dir='ltr'>effe</span> <span class='ocrx_word' id='word_1_258' title='bbox 599 3388 707 3471; x_wconf 89' lang='lat' dir='ltr'>(nem</span> <span class='ocrx_word' id='word_1_259' title='bbox 777 3382 823 3460; x_wconf 91' lang='lat' dir='ltr'>ad</span> <span class='ocrx_word' id='word_1_260' title='bbox 848 3378 1132 3471; x_wconf 66' lang='lat' dir='ltr'>sanationum&gt;</span> <span class='ocrx_word' id='word_1_261' title='bbox 1157 3380 1192 3451; x_wconf 82' lang='lat' dir='ltr'>in</span> <span class='ocrx_word' id='word_1_262' title='bbox 1216 3375 1338 3463; x_wconf 78' lang='lat' dir='ltr'>eafibus</span> <span class='ocrx_word' id='word_1_263' title='bbox 1359 3380 1619 3476; x_wconf 78' lang='lat' dir='ltr'>particularibus</span> <span class='ocrx_word' id='word_1_264' title='bbox 1641 3436 1652 3456; x_wconf 89' lang='lat'>.</span> <span class='ocrx_word' id='word_1_265' title='bbox 1691 3382 1799 3476; x_wconf 73' lang='lat' dir='ltr'>Cuim</span> <span class='ocrx_word' id='word_1_266' title='bbox 1817 3383 1862 3455; x_wconf 91' lang='lat' dir='ltr'>de·</span> 
     </span>
     <span class='ocr_line' id='line_1_31' title="bbox 356 3407 1861 3585; baseline 0.003 -29"><span class='ocrx_word' id='word_1_267' title='bbox 356 3482 564 3557; x_wconf 87' lang='lat' dir='ltr'>clarationis</span> <span class='ocrx_word' id='word_1_268' title='bbox 587 3407 766 3580; x_wconf 68' lang='lat' dir='ltr'>exemprr</span> <span class='ocrx_word' id='word_1_269' title='bbox 800 3483 1045 3560; x_wconf 89' lang='lat' dir='ltr'>authenticum</span> <span class='ocrx_word' id='word_1_270' title='bbox 1071 3503 1155 3558; x_wconf 86' lang='lat' dir='ltr'>ttmc</span> <span class='ocrx_word' id='word_1_271' title='bbox 1188 3478 1385 3555; x_wconf 82' lang='lat' dir='ltr'>exhibitum</span> <span class='ocrx_word' id='word_1_272' title='bbox 1407 3479 1478 3557; x_wconf 85' lang='lat' dir='ltr'>est.</span> <span class='ocrx_word' id='word_1_273' title='bbox 1516 3507 1554 3559; x_wconf 92' lang='lat'>2.</span> <span class='ocrx_word' id='word_1_274' title='bbox 1578 3484 1733 3585; x_wconf 88' lang='lat' dir='ltr'>Propter</span> <span class='ocrx_word' id='word_1_275' title='bbox 1755 3479 1861 3561; x_wconf 83' lang='lat' dir='ltr'>oonlli·</span> 
     </span>
     <span class='ocr_line' id='line_1_32' title="bbox 358 3574 1865 3683; baseline 0 -26"><span class='ocrx_word' id='word_1_276' title='bbox 358 3583 537 3657; x_wconf 85' lang='lat' dir='ltr'>tutionem</span> <span class='ocrx_word' id='word_1_277' title='bbox 560 3574 729 3681; x_wconf 85' lang='lat' dir='ltr'>Gregorii</span> <span class='ocrx_word' id='word_1_278' title='bbox 753 3582 879 3680; x_wconf 76' lang='lat' dir='ltr'>XIII,</span> <span class='ocrx_word' id='word_1_279' title='bbox 904 3584 1044 3683; x_wconf 78' lang='lat' dir='ltr'>deque</span> <span class='ocrx_word' id='word_1_280' title='bbox 1070 3583 1204 3658; x_wconf 85' lang='lat' dir='ltr'>Adnot.</span> <span class='ocrx_word' id='word_1_281' title='bbox 1230 3583 1399 3679; x_wconf 79' lang='lat' dir='ltr'>praeced,</span> <span class='ocrx_word' id='word_1_282' title='bbox 1423 3609 1494 3682; x_wconf 92' lang='lat' dir='ltr'>qua</span> <span class='ocrx_word' id='word_1_283' title='bbox 1518 3587 1572 3676; x_wconf 83' lang='lat' dir='ltr'>jus</span> <span class='ocrx_word' id='word_1_284' title='bbox 1595 3586 1865 3667; x_wconf 86' lang='lat' dir='ltr'>conservatontm</span> 
     </span>
     <span class='ocr_line' id='line_1_33' title="bbox 357 3678 1868 3783; baseline -0.001 -24"><span class='ocrx_word' id='word_1_285' title='bbox 357 3678 521 3759; x_wconf 87' lang='lat' dir='ltr'>asseritur</span> <span class='ocrx_word' id='word_1_286' title='bbox 546 3682 734 3761; x_wconf 88' lang='lat' dir='ltr'>univerfim</span> <span class='ocrx_word' id='word_1_287' title='bbox 759 3687 806 3762; x_wconf 92' lang='lat' dir='ltr'>ad</span> <span class='ocrx_word' id='word_1_288' title='bbox 831 3686 951 3765; x_wconf 87' lang='lat' dir='ltr'>causas</span> <span class='ocrx_word' id='word_1_289' title='bbox 975 3689 1087 3763; x_wconf 90' lang='lat' dir='ltr'>etiam</span> <span class='ocrx_word' id='word_1_290' title='bbox 1120 3683 1333 3781; x_wconf 86' lang='lat' dir='ltr'>requirentes</span> <span class='ocrx_word' id='word_1_291' title='bbox 1359 3686 1583 3783; x_wconf 86' lang='lat' dir='ltr'>indaginem.</span> <span class='ocrx_word' id='word_1_292' title='bbox 1623 3688 1684 3769; x_wconf 66' lang='lat' dir='ltr'>Et.</span> <span class='ocrx_word' id='word_1_293' title='bbox 1700 3690 1745 3767; x_wconf 86' lang='lat' dir='ltr'>ad</span> <span class='ocrx_word' id='word_1_294' title='bbox 1764 3686 1868 3763; x_wconf 82' lang='lat' dir='ltr'>Sacra</span> 
     </span>
     <span class='ocr_line' id='line_1_34' title="bbox 354 3780 1871 3885; baseline 0.001 -24"><span class='ocrx_word' id='word_1_295' title='bbox 354 3780 654 3884; x_wconf 85' lang='lat' dir='ltr'>Congregationis</span> <span class='ocrx_word' id='word_1_296' title='bbox 677 3787 825 3879; x_wconf 69' lang='lat' dir='ltr'>obiedas</span> <span class='ocrx_word' id='word_1_297' title='bbox 850 3788 1077 3866; x_wconf 90' lang='lat' dir='ltr'>resolutiones</span> <span class='ocrx_word' id='word_1_298' title='bbox 1099 3784 1276 3884; x_wconf 90' lang='lat' dir='ltr'>reposuit,</span> <span class='ocrx_word' id='word_1_299' title='bbox 1311 3787 1555 3885; x_wconf 86' lang='lat' dir='ltr'>intelligendas</span> <span class='ocrx_word' id='word_1_300' title='bbox 1579 3791 1626 3867; x_wconf 91' lang='lat' dir='ltr'>de</span> <span class='ocrx_word' id='word_1_301' title='bbox 1661 3789 1871 3871; x_wconf 85' lang='lat' dir='ltr'>conservato·</span> 
     </span>
     <span class='ocr_line' id='line_1_35' title="bbox 357 3886 1870 3992; baseline 0.001 -30"><span class='ocrx_word' id='word_1_302' title='bbox 357 3886 452 3963; x_wconf 83' lang='lat' dir='ltr'>tibus</span> <span class='ocrx_word' id='word_1_303' title='bbox 474 3886 590 3965; x_wconf 70' lang='lat' dir='ltr'>cledis</span> <span class='ocrx_word' id='word_1_304' title='bbox 614 3889 711 3978; x_wconf 79' lang='lat' dir='ltr'>iuxta</span> <span class='ocrx_word' id='word_1_305' title='bbox 738 3893 923 3990; x_wconf 83' lang='lat' dir='ltr'>antiquum</span> <span class='ocrx_word' id='word_1_306' title='bbox 948 3890 1000 3980; x_wconf 78' lang='lat' dir='ltr'>ius</span> <span class='ocrx_word' id='word_1_307' title='bbox 1025 3942 1036 3979; x_wconf 94' lang='lat'>,</span> <span class='ocrx_word' id='word_1_308' title='bbox 1072 3913 1160 3965; x_wconf 88' lang='lat' dir='ltr'>nam</span> <span class='ocrx_word' id='word_1_309' title='bbox 1183 3887 1229 3962; x_wconf 94' lang='lat' dir='ltr'>de</span> <span class='ocrx_word' id='word_1_310' title='bbox 1252 3888 1368 3962; x_wconf 77' lang='lat' dir='ltr'>eledtis</span> <span class='ocrx_word' id='word_1_311' title='bbox 1391 3889 1464 3977; x_wconf 87' lang='lat' dir='ltr'>iure</span> <span class='ocrx_word' id='word_1_312' title='bbox 1487 3915 1586 3968; x_wconf 93' lang='lat' dir='ltr'>novo</span> <span class='ocrx_word' id='word_1_313' title='bbox 1619 3891 1770 3992; x_wconf 85' lang='lat' dir='ltr'>speciali</span> <span class='ocrx_word' id='word_1_314' title='bbox 1797 3889 1870 3968; x_wconf 81' lang='lat' dir='ltr'>slan</span> 
     </span>
     <span class='ocr_line' id='line_1_36' title="bbox 351 3988 1874 4092; baseline 0.002 -27"><span class='ocrx_word' id='word_1_315' title='bbox 351 3989 444 4065; x_wconf 91' lang='lat' dir='ltr'>dum</span> <span class='ocrx_word' id='word_1_316' title='bbox 467 4009 544 4067; x_wconf 86' lang='lat' dir='ltr'>erat</span> <span class='ocrx_word' id='word_1_317' title='bbox 568 3989 736 4071; x_wconf 85' lang='lat' dir='ltr'>decisioni</span> <span class='ocrx_word' id='word_1_318' title='bbox 762 3993 1090 4092; x_wconf 77' lang='lat' dir='ltr'>angelopob&#39;tann,</span> <span class='ocrx_word' id='word_1_319' title='bbox 1126 3993 1226 4080; x_wconf 80' lang='lat' dir='ltr'>iuxta</span> <span class='ocrx_word' id='word_1_320' title='bbox 1261 4014 1372 4088; x_wconf 84' lang='lat' dir='ltr'>quant</span> <span class='ocrx_word' id='word_1_321' title='bbox 1405 3995 1657 4071; x_wconf 86' lang='lat' dir='ltr'>recurrendum</span> <span class='ocrx_word' id='word_1_322' title='bbox 1694 3994 1813 4074; x_wconf 85' lang='lat' dir='ltr'>solinu</span> <span class='ocrx_word' id='word_1_323' title='bbox 1833 3988 1874 4068; x_wconf 69' lang='lat' dir='ltr'>oi</span> 
     </span>
     <span class='ocr_line' id='line_1_37' title="bbox 354 4089 1876 4193; baseline 0.004 -26"><span class='ocrx_word' id='word_1_324' title='bbox 354 4093 403 4167; x_wconf 85' lang='lat' dir='ltr'>ad</span> <span class='ocrx_word' id='word_1_325' title='bbox 429 4089 689 4187; x_wconf 90' lang='lat' dir='ltr'>Ordinatium,</span> <span class='ocrx_word' id='word_1_326' title='bbox 711 4094 858 4193; x_wconf 76' lang='lat' dir='ltr'>quando</span> <span class='ocrx_word' id='word_1_327' title='bbox 882 4095 1055 4192; x_wconf 82' lang='lat' dir='ltr'>regulares</span> <span class='ocrx_word' id='word_1_328' title='bbox 1079 4116 1155 4167; x_wconf 89' lang='lat' dir='ltr'>non</span> <span class='ocrx_word' id='word_1_329' title='bbox 1184 4093 1448 4169; x_wconf 86' lang='lat' dir='ltr'>nominaverint</span> <span class='ocrx_word' id='word_1_330' title='bbox 1484 4095 1776 4175; x_wconf 83' lang='lat' dir='ltr'>conservatores.</span> <span class='ocrx_word' id='word_1_331' title='bbox 1800 4096 1876 4193; x_wconf 75' lang='lat' dir='ltr'>sop</span> 
     </span>
     <span class='ocr_line' id='line_1_38' title="bbox 356 4190 1876 4295; baseline 0.005 -31"><span class='ocrx_word' id='word_1_332' title='bbox 356 4194 505 4291; x_wconf 88' lang='lat' dir='ltr'>plicatio</span> <span class='ocrx_word' id='word_1_333' title='bbox 528 4192 698 4270; x_wconf 82' lang='lat' dir='ltr'>nonfuit</span> <span class='ocrx_word' id='word_1_334' title='bbox 724 4190 891 4269; x_wconf 83' lang='lat' dir='ltr'>admissa.</span> <span class='ocrx_word' id='word_1_335' title='bbox 917 4194 989 4270; x_wconf 90' lang='lat' dir='ltr'>Sed</span> <span class='ocrx_word' id='word_1_336' title='bbox 1014 4199 1051 4272; x_wconf 85' lang='lat' dir='ltr'>dt</span> <span class='ocrx_word' id='word_1_337' title='bbox 1073 4196 1136 4270; x_wconf 90' lang='lat' dir='ltr'>din</span> <span class='ocrx_word' id='word_1_338' title='bbox 1161 4191 1261 4292; x_wconf 84' lang='lat' dir='ltr'>poll,</span> <span class='ocrx_word' id='word_1_339' title='bbox 1288 4218 1384 4268; x_wconf 88' lang='lat' dir='ltr'>anno</span> <span class='ocrx_word' id='word_1_340' title='bbox 1412 4217 1521 4295; x_wconf 83' lang='lat'>¹7²3·</span> <span class='ocrx_word' id='word_1_341' title='bbox 1548 4221 1609 4274; x_wconf 82' lang='lat' dir='ltr'>ao.</span> <span class='ocrx_word' id='word_1_342' title='bbox 1636 4199 1736 4277; x_wconf 71' lang='lat' dir='ltr'>Dee.</span> <span class='ocrx_word' id='word_1_343' title='bbox 1760 4204 1799 4277; x_wconf 94' lang='lat' dir='ltr'>in</span> <span class='ocrx_word' id='word_1_344' title='bbox 1820 4195 1876 4293; x_wconf 78' lang='lat' dir='ltr'>la·</span> 
     </span>
     <span class='ocr_line' id='line_1_39' title="bbox 356 4290 1884 4391; baseline 0.004 -24"><span class='ocrx_word' id='word_1_345' title='bbox 356 4292 478 4368; x_wconf 86' lang='lat' dir='ltr'>nuenst</span> <span class='ocrx_word' id='word_1_346' title='bbox 491 4292 745 4391; x_wconf 73' lang='lat' dir='ltr'>Jurisdelo&#39;onis</span> <span class='ocrx_word' id='word_1_347' title='bbox 770 4296 863 4370; x_wconf 87' lang='lat' dir='ltr'>inter</span> <span class='ocrx_word' id='word_1_348' title='bbox 886 4290 1009 4372; x_wconf 81' lang='lat' dir='ltr'>I’atrcs</span> <span class='ocrx_word' id='word_1_349' title='bbox 1031 4295 1223 4371; x_wconf 87' lang='lat' dir='ltr'>Societatis</span> <span class='ocrx_word' id='word_1_350' title='bbox 1247 4300 1284 4373; x_wconf 82' lang='lat' dir='ltr'>dc</span> <span class='ocrx_word' id='word_1_351' title='bbox 1317 4292 1532 4376; x_wconf 86' lang='lat' dir='ltr'>Carmelitas</span> <span class='ocrx_word' id='word_1_352' title='bbox 1565 4299 1801 4379; x_wconf 68' lang='lat' dir='ltr'>Emaloutos</span> <span class='ocrx_word' id='word_1_353' title='bbox 1822 4298 1884 4373; x_wconf 93' lang='lat' dir='ltr'>de-</span> 
     </span>
     <span class='ocr_line' id='line_1_40' title="bbox 357 4386 1885 4497; baseline 0.006 -30"><span class='ocrx_word' id='word_1_354' title='bbox 357 4396 535 4473; x_wconf 87' lang='lat' dir='ltr'>claratum</span> <span class='ocrx_word' id='word_1_355' title='bbox 561 4394 629 4471; x_wconf 89' lang='lat' dir='ltr'>fuit</span> <span class='ocrx_word' id='word_1_356' title='bbox 653 4386 891 4472; x_wconf 83' lang='lat' dir='ltr'>conservatori</span> <span class='ocrx_word' id='word_1_357' title='bbox 916 4397 939 4471; x_wconf 73' lang='lat' dir='ltr'>a</span> <span class='ocrx_word' id='word_1_358' title='bbox 965 4386 1126 4474; x_wconf 83' lang='lat' dir='ltr'>Patribus</span> <span class='ocrx_word' id='word_1_359' title='bbox 1148 4396 1336 4473; x_wconf 87' lang='lat' dir='ltr'>Societatis</span> <span class='ocrx_word' id='word_1_360' title='bbox 1359 4400 1532 4497; x_wconf 85' lang='lat' dir='ltr'>deputato</span> <span class='ocrx_word' id='word_1_361' title='bbox 1554 4402 1610 4494; x_wconf 80' lang='lat' dir='ltr'>jus</span> <span class='ocrx_word' id='word_1_362' title='bbox 1648 4402 1792 4481; x_wconf 71' lang='lat' dir='ltr'>nmium</span> <span class='ocrx_word' id='word_1_363' title='bbox 1816 4395 1885 4476; x_wconf 73' lang='lat' dir='ltr'>esse</span> 
     </span>
     <span class='ocr_line' id='line_1_41' title="bbox 357 4492 1889 4605; baseline 0.005 -32"><span class='ocrx_word' id='word_1_364' title='bbox 357 4498 438 4574; x_wconf 89' lang='lat' dir='ltr'>illos</span> <span class='ocrx_word' id='word_1_365' title='bbox 462 4492 675 4573; x_wconf 88' lang='lat' dir='ltr'>defendendi</span> <span class='ocrx_word' id='word_1_366' title='bbox 701 4499 723 4574; x_wconf 74' lang='lat' dir='ltr'>a</span> <span class='ocrx_word' id='word_1_367' title='bbox 748 4496 942 4575; x_wconf 85' lang='lat' dir='ltr'>manifeslis</span> <span class='ocrx_word' id='word_1_368' title='bbox 965 4497 1098 4591; x_wconf 80' lang='lat' dir='ltr'>iniuriis</span> <span class='ocrx_word' id='word_1_369' title='bbox 1121 4498 1367 4593; x_wconf 78' lang='lat' dir='ltr'>&amp;violentiis,</span> <span class='ocrx_word' id='word_1_370' title='bbox 1391 4524 1588 4605; x_wconf 85' lang='lat' dir='ltr'>eorumque</span> <span class='ocrx_word' id='word_1_371' title='bbox 1611 4504 1738 4586; x_wconf 79' lang='lat' dir='ltr'>causas</span> <span class='ocrx_word' id='word_1_372' title='bbox 1762 4527 1889 4604; x_wconf 83' lang='lat' dir='ltr'>cogno</span> 
     </span>
     <span class='ocr_line' id='line_1_42' title="bbox 338 4592 1883 4711; baseline 0.005 -35"><span class='ocrx_word' id='word_1_373' title='bbox 338 4596 499 4682; x_wconf 64' lang='lat' dir='ltr'>scendi,</span> <span class='ocrx_word' id='word_1_374' title='bbox 523 4599 671 4699; x_wconf 84' lang='lat' dir='ltr'>quando</span> <span class='ocrx_word' id='word_1_375' title='bbox 696 4600 805 4678; x_wconf 87' lang='lat' dir='ltr'>iidem</span> <span class='ocrx_word' id='word_1_376' title='bbox 830 4604 880 4679; x_wconf 91' lang='lat' dir='ltr'>rei</span> <span class='ocrx_word' id='word_1_377' title='bbox 905 4600 1059 4678; x_wconf 89' lang='lat' dir='ltr'>suntad</span> <span class='ocrx_word' id='word_1_378' title='bbox 1084 4624 1252 4677; x_wconf 86' lang='lat' dir='ltr'>normam</span> <span class='ocrx_word' id='word_1_379' title='bbox 1277 4592 1554 4684; x_wconf 80' lang='lat' dir='ltr'>constitutionis</span> <span class='ocrx_word' id='word_1_380' title='bbox 1569 4607 1742 4711; x_wconf 86' lang='lat' dir='ltr'>Gregorii</span> <span class='ocrx_word' id='word_1_381' title='bbox 1770 4609 1883 4694; x_wconf 76' lang='lat' dir='ltr'>XV..</span> 
     </span>
     <span class='ocr_line' id='line_1_43' title="bbox 353 4697 1882 4807; baseline 0.002 -26"><span class='ocrx_word' id='word_1_382' title='bbox 353 4708 397 4781; x_wconf 65' lang='lat' dir='ltr'>bt</span> <span class='ocrx_word' id='word_1_383' title='bbox 419 4697 529 4779; x_wconf 90' lang='lat' dir='ltr'>resett</span> <span class='ocrx_word' id='word_1_384' title='bbox 554 4698 760 4781; x_wconf 71' lang='lat' dir='ltr'>benedidus</span> <span class='ocrx_word' id='word_1_385' title='bbox 782 4703 883 4784; x_wconf 84' lang='lat' dir='ltr'>XIV.</span> <span class='ocrx_word' id='word_1_386' title='bbox 911 4708 1010 4797; x_wconf 76' lang='lat' dir='ltr'>(a).</span> <span class='ocrx_word' id='word_1_387' title='bbox 1035 4700 1177 4797; x_wconf 74' lang='lat' dir='ltr'>Iniuriae</span> <span class='ocrx_word' id='word_1_388' title='bbox 1202 4703 1287 4782; x_wconf 79' lang='lat' dir='ltr'>ver&#39;o</span> <span class='ocrx_word' id='word_1_389' title='bbox 1321 4709 1360 4784; x_wconf 72' lang='lat' dir='ltr'>de</span> <span class='ocrx_word' id='word_1_390' title='bbox 1385 4708 1586 4807; x_wconf 69' lang='lat' dir='ltr'>violentia,</span> <span class='ocrx_word' id='word_1_391' title='bbox 1622 4711 1717 4793; x_wconf 86' lang='lat' dir='ltr'>dum</span> <span class='ocrx_word' id='word_1_392' title='bbox 1739 4706 1882 4793; x_wconf 86' lang='lat' dir='ltr'>manile·</span> 
     </span>
     <span class='ocr_line' id='line_1_44' title="bbox 352 4928 1888 4979; baseline 0.005 -16"><span class='ocrx_word' id='word_1_393' title='bbox 352 4928 1888 4979; x_wconf 51' lang='lat' dir='ltr'>Q</span> 
     </span>
    </p>
   </div>
   <div class='ocr_carea' id='block_1_3' title="bbox 391 5038 1204 5123">
    <p class='ocr_par' dir='ltr' id='par_1_5' title="bbox 391 5038 1204 5123">
     <span class='ocr_line' id='line_1_45' title="bbox 391 5038 1204 5123; baseline -0.004 -9"><span class='ocrx_word' id='word_1_394' title='bbox 391 5038 454 5114; x_wconf 64' lang='lat' dir='ltr'>sl.)</span> <span class='ocrx_word' id='word_1_395' title='bbox 472 5042 504 5103; x_wconf 76' lang='lat' dir='ltr'>B·</span> <span class='ocrx_word' id='word_1_396' title='bbox 518 5042 596 5114; x_wconf 68' lang='lat' dir='ltr'>W·</span> <span class='ocrx_word' id='word_1_397' title='bbox 613 5045 670 5109; x_wconf 74' lang='lat' dir='ltr'>lib·</span> <span class='ocrx_word' id='word_1_398' title='bbox 691 5069 716 5116; x_wconf 82' lang='lat' dir='ltr'>t·</span> <span class='ocrx_word' id='word_1_399' title='bbox 737 5048 782 5109; x_wconf 79' lang='lat' dir='ltr'>De</span> <span class='ocrx_word' id='word_1_400' title='bbox 802 5050 864 5122; x_wconf 67' lang='lat' dir='ltr'>Spu</span> <span class='ocrx_word' id='word_1_401' title='bbox 882 5049 974 5111; x_wconf 64' lang='lat' dir='ltr'>nnc.</span> <span class='ocrx_word' id='word_1_402' title='bbox 993 5068 1057 5123; x_wconf 69' lang='lat' dir='ltr'>rap.</span> <span class='ocrx_word' id='word_1_403' title='bbox 1077 5059 1107 5113; x_wconf 70' lang='grc' dir='ltr'>ο.</span> <span class='ocrx_word' id='word_1_404' title='bbox 1125 5067 1155 5113; x_wconf 74' lang='lat' dir='ltr'>n·</span> <span class='ocrx_word' id='word_1_405' title='bbox 1176 5061 1204 5111; x_wconf 72' lang='grc' dir='ltr'>ι.</span> 
     </span>
    </p>
   </div>
   <div class='ocr_carea' id='block_1_4' title="bbox 0 0 1932 5669">
    <p class='ocr_par' dir='ltr' id='par_1_6' title="bbox 0 0 1932 5669">
     <span class='ocr_line' id='line_1_46' title="bbox 0 0 1932 5669; baseline 0 0"><span class='ocrx_word' id='word_1_406' title='bbox 0 0 1932 5669; x_wconf 95' lang='lat' dir='ltr'> </span> 
     </span>
    </p>
   </div>
  </div>
 </body>
</html>
