3864 5686
236 338 311 406 216
668 319 1253 397 Onotuartouas

207 490 374 570 rorogata
399 463 448 542 est
475 466 512 539 in
535 460 686 539 Constit.
713 461 917 539 Animarum
938 461 1047 557 saltui
1056 517 1067 554 ,
1094 482 1134 538 ut
1159 463 1238 537 vide
1264 456 1355 536 infra
1382 487 1463 538 ann.
1505 484 1623 559 1729.
1659 487 1723 540 12.

182 497 373 648 lkcembr.
401 569 446 641 In
471 567 720 664 prorogatione
747 587 868 639 tamen
895 567 1082 663 requiritur
1106 566 1218 640 etiam
1243 571 1486 659 communio,
1521 573 1557 643 &
1596 566 1722 643 ablate

184 672 234 749 est
259 673 461 758 disjunetiva
487 673 570 743 Sive
587 668 755 756 firmam,
791 673 858 743 811.
885 670 920 743 81
947 669 1157 742 conceditur
1191 667 1356 742 omnibus
1389 666 1521 743 Christi
1540 665 1724 743 'fidelibus

182 776 221 850 in
258 772 525 870 quibuscumque
561 770 685 844 oceani
732 767 871 860 lndiis,
911 792 972 842 aut
1020 768 1188 843 Sinatum
1232 770 1415 866 regione,
1459 772 1514 844 vel
1563 767 1717 845 Brasrlia

183 873 354 950 costittttis
380 929 389 947 .
425 874 549 971 Neque
575 873 613 946 in
638 874 889 974 prorogatione
915 871 1118 948 continetur
1153 872 1314 948 additum
1340 872 1428 948 illud
1463 873 1719 968 Planasiamque

177 975 367 1074 jubileum.
1656 1010 1658 1014 ⁴

570 1178 1164 1263 ORDINATJO
1250 1178 1370 1257 CVII.

729 1284 836 1358 Anno
866 1293 974 1382 1563.
1008 1306 1063 1379 15.
1089 1281 1171 1379 lun.

280 1485 316 1560 T
341 1484 528 1560 Societatis
553 1483 634 1581 Jesu
658 1485 916 1578 Provinciales,
943 1491 979 1562 81
1006 1485 1050 1560 ab
1076 1486 1124 1561 eis
1135 1485 1296 1582 deputati
1323 1487 1395 1574 (1)
1421 1481 1608 1583 presbyteri
1631 1504 1729 1561 curn·

305 1593 385 1676 (11)
412 1589 595 1686 neophytis
620 1590 879 1685 provinciarum
904 1586 1082 1683 utriusque
1107 1585 1243 1678 Indiae,
1268 1586 1485 1684 aliarumque
1505 1589 1724 1685 regionum,

186 1709 227 1762 ut
254 1690 291 1761 in
317 1712 538 1787 quocumque
565 1693 618 1762 vel
644 1688 814 1786 quibusvis
851 1689 971 1778 ajure
996 1689 1117 1762 divino
1142 1712 1217 1761 non
1242 1686 1427 1784 prohibitis
1464 1685 1723 1785 consanguini-

183 1792 267 1866 tatis
292 1795 327 1866 &
352 1789 533 1865 affinitatis
558 1793 718 1888 gradibus
745 1793 800 1864 vel
827 1793 913 1865 alias
938 1790 1150 1881 conlundis,
1176 1789 1449 1863 matrimonium
1461 1790 1552 1863 inter
1578 1787 1614 1862 se
1624 1812 1720 1864 con·

183 1891 346 1981 trahere,
373 1890 432 1967 seu
458 1895 494 1965 in
518 1892 591 1980 jam
618 1893 727 1967 etiam
754 1891 900 1967 scienter
926 1894 1114 1966 contradis
1138 1913 1319 1965 remanere
1349 1893 1505 1964 valerent
1533 1917 1542 1980 ;
1570 1891 1607 1966 in
1636 1914 1725 1991 par·

182 1991 273 2066 tibus
300 1992 358 2066 ubi
386 1994 557 2066 ordinarii
582 1990 688 2067 facile
715 1996 803 2067 adiri
830 1991 986 2089 pollent,
1024 1994 1060 2067 in
1086 1991 1167 2067 foto
1193 1990 1415 2066 conscientia
1442 1993 1584 2074 tantitm
1611 1990 1724 2082 (111)

182 2092 447 2190 perpetubaEt
483 2091 622 2191 insuper
649 2095 777 2170 ibidem
816 2092 906 2168 infra
936 2114 1055 2171 tamen
1080 2094 1204 2191 viginti
1232 2117 1368 2183 annos,
1397 2095 1490 2190 quod
1518 2089 1579 2189 ipst
1611 2094 1727 2181 loco·

181 2218 262 2268 rum
288 2194 457 2269 ordinarii
483 2196 526 2268 de
550 2192 830 2292 presbyterorum
854 2199 1047 2270 eorundem
1075 2216 1244 2291 tanquam
1270 2190 1467 2268 assessontm
1503 2197 1538 2269 81
1582 2190 1727 2282 adjuto-

181 2319 261 2369 rum
288 2293 431 2369 suorum
457 2296 492 2368 in
517 2297 604 2369 locis
629 2300 686 2370 ubi
712 2322 835 2371 eorum
861 2292 969 2393 posset
995 2296 1114 2371 haberi
1141 2295 1267 2392 copia,
1303 2292 1450 2368 consrlio
1477 2300 1513 2372 81
1537 2318 1620 2369 cum
1648 2294 1726 2370 illis

136 2452 139 2456 »
184 2399 298 2470 etiam
325 2397 359 2469 in
380 2397 536 2486 judiciali
562 2395 664 2472 soro:
691 2397 734 2471 In
760 2399 900 2495 reliquis
925 2418 1045 2471 autem
1071 2397 1256 2495 provinciis
1281 2396 1541 2472 ordinariorum
1569 2393 1725 2494 praeseti·

182 2497 235 2572 tia
262 2496 459 2590 destitutis,
485 2499 538 2572 vel
566 2498 610 2573 ab
634 2503 683 2574 eis
708 2525 782 2574 non
808 2502 925 2574 minus
950 2499 1159 2573 bis-centum
1188 2497 1394 2573 milliaribus
1421 2499 1590 2589 remotis,
1619 2496 1725 2595 quod

183 2596 417 2673 Provinciales
443 2604 478 2675 81
511 2599 670 2696 deputati
705 2601 892 2698 presbyteri
917 2623 998 2673 cum
1032 2597 1164 2675 eisdem
1199 2600 1384 2692 neb'phytis
1419 2601 1534 2674 etiam
1556 2599 1595 2672 in
1619 2619 1724 2674 utro·

183 2724 250 2796 que
285 2696 387 2791 soto,
413 2701 520 2798 gratis
547 2723 666 2773 tamen
693 2700 887 2796 dispensate
928 2698 1083 2798 possent.
1121 2701 1170 2777 Et
1195 2725 1278 2792 eos,
1305 2701 1363 2798 qui
1390 2701 1427 2773 in
1453 2699 1617 2797 gradibus
1649 2698 1723 2775 hu·

182 2798 332 2890 jusmodi
360 2799 542 2899 prohibitis
567 2803 676 2874 etiam
704 2799 850 2874 scienter
875 2800 1148 2894 contraxissent,
1176 2803 1218 2876 ab
1256 2800 1441 2874 excelstbus
1465 2855 1476 2892 ‚
1503 2805 1538 2878 &
1570 2824 1723 2876 ercom-

182 2901 484 2975 municationibus
511 2901 651 3000 aliisque
676 2902 849 2995 censuris,
875 2909 911 2978 81
937 2904 1048 2999 poenis
1073 2900 1310 2977 ecclesrasti'cis
1321 2904 1357 2975 in
1384 2904 1533 3001 utroque
1557 2896 1720 2976 foroab·

182 2999 339 3092 solvere,
366 3005 570 3100 prolemque
596 3003 677 3078 inde
702 3002 896 3104 susceptam
931 3005 1130 3101 legitimam
1164 3006 1372 3079 decernere.
1409 3001 1467 3078 Ita
1494 3000 1642 3094 habetur
1681 3005 1724 3078 in

182 3103 309 3177 litteris
334 3102 486 3193 ejusdem
515 3105 640 3179 indulti
669 3106 921 3204 prorogatoriis
945 3111 965 3182 a
990 3106 1166 3204 Gregorio
1180 3105 1281 3182 XIV.
1308 3103 1583 3203 datis21.8ept.
1601 3124 1715 3201 1591.

183 3201 316 3302 Incipit
341 3208 442 3279 Alias
467 3209 612 3302 quidem.
633 3209 758 3305 Supra
784 3235 893 3307 quam
919 3206 1178 3280 concessronem
1204 3208 1318 3281 multa
1346 3208 1509 3298 deinceps
1535 3225 1615 3280 orta
1636 3204 1721 3281 sunt

180 3305 310 3399 dubia,
336 3308 526 3408 dequibus
554 3305 644 3384 insra
673 3335 767 3387 anno
800 3334 906 3408 ¹70¹·
935 3333 983 3403 29
1011 3310 1144 3406 April..
1173 3314 1208 3387 81
1240 3328 1347 3405 ¹757·
1376 3330 1438 3403 27.
1464 3305 1610 3405 Januar.

604 3564 1281 3639 ADNOTATIONBS.

234 3821 299 3904 (1)
336 3819 502 3916 Deputati
534 3814 736 3916 presbyteri.
771 3815 857 3892 Non
883 3840 968 3915 ergo
992 3837 1071 3892 erat
1096 3842 1184 3917 opus
1219 3815 1266 3891 ad
1303 3811 1578 3912 dispensationes
1615 3810 1725 3892 hasce

182 3916 344 4015 deputari
370 3921 600 3996 dodrinatios
612 3974 622 4009 ,
659 3916 718 3996 seu
752 3919 926 4018 parochos
952 3920 1238 4017 nedphyrorum,
1271 3916 1328 3992 sed
1354 3917 1528 4014 presbyter
1562 3916 1722 4015 quilibet

180 4041 323 4116 poterat
351 4022 532 4118 deputari.
559 4017 666 4115 Qtod
694 4025 729 4097 81
754 4023 798 4095 de
824 4022 902 4096 aliis
926 4023 1115 4121 privilegiis
1126 4041 1311 4096 notaverat
1337 4018 1537 4093 Avendafio
1563 4020 1664 4108 (a).

231 4127 316 4212 (11)
343 4128 429 4197 Cum
454 4125 633 4219 neophytis.
660 4122 870 4220 Neo'phytus
896 4178 907 4215 ,
934 4123 960 4198 sr
987 4144 1133 4217 etymon
1159 4122 1308 4220 spedes,
1335 4119 1525 4194 estnovum
1546 4140 1721 4217 germen,

178 4239 312 4293 novum
339 4221 478 4312 satum,
503 4247 597 4295 nova
623 4225 765 4321 planta.
794 4225 899 4321 Apud
925 4223 1131 4300 Du-Fresne
1158 4223 1226 4311 (b)
1252 4221 1354 4296 sonat
1379 4221 1509 4313 Rudis,
1531 4219 1720 4296 novellu.

178 4322 286 4417 Apud
313 4320 486 4396 Isidorum
510 4325 691 4415 novellas,
716 4325 823 4399 Rudis
839 4327 970 4414 fidelis.
1008 4326 1113 4422 Apud
1141 4321 1288 4422 Papiam
1313 4327 1425 4422 Nuper
1450 4339 1624 4414 renatus,
1661 4322 1719 4396 vel

178 4423 321 4497 noviter
347 4426 393 4496 ad
419 4421 525 4496 sidem
554 4425 714 4500 veniens.
739 4425 856 4502 Snidae
881 4425 1150 4524 Neolliphyteatis
1176 4425 1280 4500 sonat
1304 4426 1363 4522 qui
1393 4425 1559 4499 'nondum
1596 4422 1719 4498 sacra·

152 4526 155 4533 ’
177 4546 340 4599 mentum
367 4518 648 4602 confirmationis
673 4526 839 4626 suscepit:
865 4533 901 4605 81
928 4532 964 4604 in
991 4530 1141 4621 eundem
1167 4526 1302 4601 sensum
1328 4525 1424 4624 loqui
1452 4525 1593 4599 videtur
1616 4522 1719 4599 Con·

177 4626 300 4703 cilium
326 4627 509 4727 Rhegense
535 4634 627 4721 (1),
653 4634 689 4705 81
725 4630 929 4708 Arelatense
955 4630 1026 4706 111.
1054 4631 1176 4735 quue
1214 4627 1287 4727 ipso
1314 4629 1471 4702 nondum
1511 4622 1763 4704 confirmati.

1581 4751 1660 4800 non

215 4964 264 5034 (a)
277 4971 436 5029 Aventino
448 5012 456 5035 ,
467 4971 514 5026 tir.
527 4989 572 5022 n.
581 4986 611 5026 n.
622 4990 687 5034 411.
730 4967 772 5037 (b)
782 4973 865 5030 Det-F
867 4972 941 5041 resne
952 5012 960 5036 ,
978 4974 1090 5044 Gloffar.
1101 4973 1225 5032 barian.
1236 4973 1270 5032 V.
1279 4969 1464 5042 Neophytos.
1504 4964 1560 5039 (e)
1577 4968 1612 5042 C·
1633 4963 1763 5039 eleg-

176 5043 254 5109 apud
273 5048 322 5104 cir.
343 5049 516 5119 Dte-fresne,
536 5055 574 5105 θ’
594 5047 673 5114 apud
692 5048 782 5107 lderd.
803 5063 867 5107 rom.
892 5070 917 5104 r.
936 5052 1039 5111 Crucis.
1058 5052 1108 5109 cel.
1134 5071 1216 5116 rato.
