<?xml version="1.0" encoding="UTF-8"?>
<!DOCTYPE html PUBLIC "-//W3C//DTD XHTML 1.0 Transitional//EN"
    "http://www.w3.org/TR/xhtml1/DTD/xhtml1-transitional.dtd">
<html xmlns="http://www.w3.org/1999/xhtml" xml:lang="en" lang="en">
 <head>
  <title>
</title>
<meta http-equiv="Content-Type" content="text/html;charset=utf-8" />
  <meta name='ocr-system' content='tesseract 3.04.00' />
  <meta name='ocr-capabilities' content='ocr_page ocr_carea ocr_par ocr_line ocrx_word'/>
</head>
<body>
  <div class='ocr_page' id='page_1' title='image "./fastinoviorbise00moregoog_0146.png"; bbox 0 0 3864 5686; ppageno 0'>
   <div class='ocr_carea' id='block_1_1' title="bbox 540 337 1669 438">
    <p class='ocr_par' dir='ltr' id='par_1_1' title="bbox 540 337 1669 438">
     <span class='ocr_line' id='line_1_1' title="bbox 540 337 1669 438; baseline 0 -24"><span class='ocrx_word' id='word_1_1' title='bbox 540 337 1044 418; x_wconf 79' lang='lat' dir='ltr'>Arossottcta.</span> <span class='ocrx_word' id='word_1_2' title='bbox 1098 359 1209 438; x_wconf 85' lang='lat'>1500.</span> <span class='ocrx_word' id='word_1_3' title='bbox 1263 344 1375 436; x_wconf 84' lang='lat'>1563.</span> <span class='ocrx_word' id='word_1_4' title='bbox 1597 355 1669 434; x_wconf 62' lang='grc' dir='ltr'>τῃ</span> 
     </span>
    </p>
   </div>
   <div class='ocr_carea' id='block_1_2' title="bbox 199 471 1740 2504">
    <p class='ocr_par' dir='ltr' id='par_1_2' title="bbox 199 471 1740 1483">
     <span class='ocr_line' id='line_1_2' title="bbox 201 471 1724 574; baseline 0.004 -24"><span class='ocrx_word' id='word_1_5' title='bbox 201 479 313 552; x_wconf 85' lang='lat' dir='ltr'>luerat</span> <span class='ocrx_word' id='word_1_6' title='bbox 339 471 528 570; x_wconf 83' lang='lat' dir='ltr'>Pontifex,</span> <span class='ocrx_word' id='word_1_7' title='bbox 554 476 622 554; x_wconf 82' lang='lat' dir='ltr'>effe</span> <span class='ocrx_word' id='word_1_8' title='bbox 648 478 746 554; x_wconf 85' lang='lat' dir='ltr'>rebus</span> <span class='ocrx_word' id='word_1_9' title='bbox 771 475 837 553; x_wconf 84' lang='lat' dir='ltr'>suis</span> <span class='ocrx_word' id='word_1_10' title='bbox 863 477 1037 574; x_wconf 83' lang='lat' dir='ltr'>privatos.</span> <span class='ocrx_word' id='word_1_11' title='bbox 1063 477 1196 557; x_wconf 81' lang='lat' dir='ltr'><strong>Utrum</strong></span> <span class='ocrx_word' id='word_1_12' title='bbox 1221 475 1304 554; x_wconf 81' lang='lat' dir='ltr'>verb</span> <span class='ocrx_word' id='word_1_13' title='bbox 1329 475 1408 553; x_wconf 91' lang='lat' dir='ltr'>Indi</span> <span class='ocrx_word' id='word_1_14' title='bbox 1427 475 1599 553; x_wconf 87' lang='lat' dir='ltr'>hostiliter</span> <span class='ocrx_word' id='word_1_15' title='bbox 1620 498 1724 574; x_wconf 60' lang='lat' dir='ltr'>agens</span> 
     </span>
     <span class='ocr_line' id='line_1_3' title="bbox 201 576 1740 678; baseline -0.001 -25"><span class='ocrx_word' id='word_1_16' title='bbox 201 598 250 653; x_wconf 87' lang='lat' dir='ltr'>tes</span> <span class='ocrx_word' id='word_1_17' title='bbox 277 576 405 676; x_wconf 88' lang='lat' dir='ltr'>poffint</span> <span class='ocrx_word' id='word_1_18' title='bbox 432 580 532 654; x_wconf 91' lang='lat' dir='ltr'>rebus</span> <span class='ocrx_word' id='word_1_19' title='bbox 556 580 623 654; x_wconf 87' lang='lat' dir='ltr'>suis</span> <span class='ocrx_word' id='word_1_20' title='bbox 648 579 869 656; x_wconf 87' lang='lat' dir='ltr'>&amp;libertate</span> <span class='ocrx_word' id='word_1_21' title='bbox 896 580 1046 676; x_wconf 89' lang='lat' dir='ltr'>privari,</span> <span class='ocrx_word' id='word_1_22' title='bbox 1070 587 1106 658; x_wconf 79' lang='lat' dir='ltr'>dc</span> <span class='ocrx_word' id='word_1_23' title='bbox 1133 582 1172 654; x_wconf 88' lang='lat' dir='ltr'>in</span> <span class='ocrx_word' id='word_1_24' title='bbox 1196 579 1400 655; x_wconf 83' lang='lat' dir='ltr'>servitutem</span> <span class='ocrx_word' id='word_1_25' title='bbox 1425 579 1557 678; x_wconf 83' lang='lat' dir='ltr'>redigi,</span> <span class='ocrx_word' id='word_1_26' title='bbox 1583 577 1740 655; x_wconf 82' lang='lat' dir='ltr'>dubita·-</span> 
     </span>
     <span class='ocr_line' id='line_1_4' title="bbox 202 677 1723 780; baseline -0.001 -26"><span class='ocrx_word' id='word_1_27' title='bbox 202 699 278 754; x_wconf 88' lang='lat' dir='ltr'>tum</span> <span class='ocrx_word' id='word_1_28' title='bbox 303 680 395 755; x_wconf 92' lang='lat' dir='ltr'>olim</span> <span class='ocrx_word' id='word_1_29' title='bbox 418 677 488 756; x_wconf 86' lang='lat' dir='ltr'>suit</span> <span class='ocrx_word' id='word_1_30' title='bbox 511 681 557 755; x_wconf 91' lang='lat' dir='ltr'>de</span> <span class='ocrx_word' id='word_1_31' title='bbox 580 679 765 772; x_wconf 86' lang='lat' dir='ltr'>Chilenis,</span> <span class='ocrx_word' id='word_1_32' title='bbox 788 705 941 778; x_wconf 87' lang='lat' dir='ltr'>quotum</span> <span class='ocrx_word' id='word_1_33' title='bbox 965 683 1069 756; x_wconf 87' lang='lat' dir='ltr'>multi</span> <span class='ocrx_word' id='word_1_34' title='bbox 1096 683 1248 780; x_wconf 85' lang='lat' dir='ltr'>pagani,</span> <span class='ocrx_word' id='word_1_35' title='bbox 1275 678 1498 779; x_wconf 84' lang='lat' dir='ltr'>conspirante</span> <span class='ocrx_word' id='word_1_36' title='bbox 1530 679 1723 754; x_wconf 87' lang='lat' dir='ltr'>mixtindo·</span> 
     </span>
     <span class='ocr_line' id='line_1_5' title="bbox 201 778 1722 881; baseline -0.001 -25"><span class='ocrx_word' id='word_1_37' title='bbox 201 805 279 856; x_wconf 89' lang='lat' dir='ltr'>rum</span> <span class='ocrx_word' id='word_1_38' title='bbox 304 784 342 858; x_wconf 75' lang='grc' dir='ltr'>δι</span> <span class='ocrx_word' id='word_1_39' title='bbox 364 781 552 877; x_wconf 88' lang='lat' dir='ltr'>hybridum</span> <span class='ocrx_word' id='word_1_40' title='bbox 577 778 887 880; x_wconf 65' lang='lat' dir='ltr'>fecefflispanos</span> <span class='ocrx_word' id='word_1_41' title='bbox 912 782 1153 880; x_wconf 84' lang='lat' dir='ltr'>&amp;indigenas</span> <span class='ocrx_word' id='word_1_42' title='bbox 1179 781 1420 881; x_wconf 82' lang='lat' dir='ltr'>Hispanorum</span> <span class='ocrx_word' id='word_1_43' title='bbox 1444 783 1574 859; x_wconf 87' lang='lat' dir='ltr'>ditioni</span> <span class='ocrx_word' id='word_1_44' title='bbox 1607 779 1722 857; x_wconf 90' lang='lat' dir='ltr'>subdi-</span> 
     </span>
     <span class='ocr_line' id='line_1_6' title="bbox 201 880 1723 983; baseline -0.001 -25"><span class='ocrx_word' id='word_1_45' title='bbox 201 903 255 958; x_wconf 86' lang='lat' dir='ltr'>tos</span> <span class='ocrx_word' id='word_1_46' title='bbox 279 887 319 959; x_wconf 79' lang='lat' dir='ltr'>bt</span> <span class='ocrx_word' id='word_1_47' title='bbox 341 886 474 960; x_wconf 87' lang='lat' dir='ltr'>cicures</span> <span class='ocrx_word' id='word_1_48' title='bbox 498 884 589 959; x_wconf 90' lang='lat' dir='ltr'>bello</span> <span class='ocrx_word' id='word_1_49' title='bbox 615 887 731 983; x_wconf 76' lang='lat' dir='ltr'>adorti</span> <span class='ocrx_word' id='word_1_50' title='bbox 756 882 858 976; x_wconf 88' lang='lat' dir='ltr'>sunt,</span> <span class='ocrx_word' id='word_1_51' title='bbox 884 909 958 959; x_wconf 93' lang='lat' dir='ltr'>non</span> <span class='ocrx_word' id='word_1_52' title='bbox 983 880 1154 977; x_wconf 76' lang='lat' dir='ltr'>staminis,</span> <span class='ocrx_word' id='word_1_53' title='bbox 1180 909 1255 960; x_wconf 92' lang='lat' dir='ltr'>non</span> <span class='ocrx_word' id='word_1_54' title='bbox 1280 887 1394 983; x_wconf 88' lang='lat' dir='ltr'>pueris</span> <span class='ocrx_word' id='word_1_55' title='bbox 1418 901 1633 982; x_wconf 83' lang='lat' dir='ltr'>parcentes:</span> <span class='ocrx_word' id='word_1_56' title='bbox 1661 881 1723 957; x_wconf 87' lang='lat' dir='ltr'>alii</span> 
     </span>
     <span class='ocr_line' id='line_1_7' title="bbox 199 982 1726 1084; baseline -0.001 -25"><span class='ocrx_word' id='word_1_57' title='bbox 199 984 272 1075; x_wconf 81' lang='lat' dir='ltr'>jam</span> <span class='ocrx_word' id='word_1_58' title='bbox 296 983 465 1083; x_wconf 76' lang='lat' dir='ltr'>baptizari</span> <span class='ocrx_word' id='word_1_59' title='bbox 490 989 709 1084; x_wconf 81' lang='lat' dir='ltr'>priorum-si</span> <span class='ocrx_word' id='word_1_60' title='bbox 737 1008 798 1061; x_wconf 89' lang='lat' dir='ltr'>aut</span> <span class='ocrx_word' id='word_1_61' title='bbox 816 983 1058 1079; x_wconf 75' lang='lat' dir='ltr'>suasoribus,</span> <span class='ocrx_word' id='word_1_62' title='bbox 1093 985 1282 1063; x_wconf 82' lang='lat' dir='ltr'>combustis</span> <span class='ocrx_word' id='word_1_63' title='bbox 1318 988 1457 1083; x_wconf 89' lang='lat' dir='ltr'>templis</span> <span class='ocrx_word' id='word_1_64' title='bbox 1480 991 1525 1064; x_wconf 78' lang='lat' dir='ltr'>bt.</span> <span class='ocrx_word' id='word_1_65' title='bbox 1548 982 1726 1082; x_wconf 87' lang='lat' dir='ltr'>Hispano-</span> 
     </span>
     <span class='ocr_line' id='line_1_8' title="bbox 200 1085 1726 1184; baseline -0.001 -24"><span class='ocrx_word' id='word_1_66' title='bbox 200 1110 281 1160; x_wconf 88' lang='lat' dir='ltr'>ntm</span> <span class='ocrx_word' id='word_1_67' title='bbox 307 1087 467 1184; x_wconf 84' lang='lat' dir='ltr'>plurimis</span> <span class='ocrx_word' id='word_1_68' title='bbox 490 1088 680 1164; x_wconf 79' lang='lat' dir='ltr'>crudeliter</span> <span class='ocrx_word' id='word_1_69' title='bbox 704 1089 886 1179; x_wconf 70' lang='lat' dir='ltr'>madatis,</span> <span class='ocrx_word' id='word_1_70' title='bbox 922 1087 1134 1163; x_wconf 86' lang='lat' dir='ltr'>rebellanmt</span> <span class='ocrx_word' id='word_1_71' title='bbox 1157 1088 1264 1164; x_wconf 86' lang='lat' dir='ltr'>semel</span> <span class='ocrx_word' id='word_1_72' title='bbox 1290 1092 1327 1165; x_wconf 77' lang='lat' dir='ltr'>dt</span> <span class='ocrx_word' id='word_1_73' title='bbox 1351 1089 1482 1163; x_wconf 88' lang='lat' dir='ltr'>iterum</span> <span class='ocrx_word' id='word_1_74' title='bbox 1506 1142 1514 1162; x_wconf 94' lang='lat'><strong>.</strong></span> <span class='ocrx_word' id='word_1_75' title='bbox 1551 1086 1631 1163; x_wconf 84' lang='lat' dir='ltr'>Rex</span> <span class='ocrx_word' id='word_1_76' title='bbox 1655 1085 1726 1160; x_wconf 85' lang='lat' dir='ltr'>Ca·</span> 
     </span>
     <span class='ocr_line' id='line_1_9' title="bbox 201 1186 1726 1289; baseline -0.001 -26"><span class='ocrx_word' id='word_1_77' title='bbox 201 1188 358 1263; x_wconf 80' lang='lat' dir='ltr'>thelicus</span> <span class='ocrx_word' id='word_1_78' title='bbox 381 1191 497 1289; x_wconf 85' lang='lat' dir='ltr'>legem</span> <span class='ocrx_word' id='word_1_79' title='bbox 524 1191 605 1265; x_wconf 91' lang='lat' dir='ltr'>tulit</span> <span class='ocrx_word' id='word_1_80' title='bbox 629 1188 706 1286; x_wconf 73' lang='lat' dir='ltr'>luri</span> <span class='ocrx_word' id='word_1_81' title='bbox 731 1188 857 1263; x_wconf 92' lang='lat' dir='ltr'>Indico</span> <span class='ocrx_word' id='word_1_82' title='bbox 882 1192 958 1278; x_wconf 85' lang='lat' dir='ltr'>(a)</span> <span class='ocrx_word' id='word_1_83' title='bbox 985 1187 1174 1281; x_wconf 84' lang='lat' dir='ltr'>insertam,</span> <span class='ocrx_word' id='word_1_84' title='bbox 1200 1214 1245 1263; x_wconf 90' lang='lat' dir='ltr'>ne</span> <span class='ocrx_word' id='word_1_85' title='bbox 1269 1187 1394 1264; x_wconf 88' lang='lat' dir='ltr'>fierent</span> <span class='ocrx_word' id='word_1_86' title='bbox 1421 1186 1550 1280; x_wconf 83' lang='lat' dir='ltr'>sclavi,</span> <span class='ocrx_word' id='word_1_87' title='bbox 1586 1191 1623 1265; x_wconf 79' lang='grc' dir='ltr'>δι</span> <span class='ocrx_word' id='word_1_88' title='bbox 1648 1186 1726 1278; x_wconf 82' lang='lat' dir='ltr'>jans</span> 
     </span>
     <span class='ocr_line' id='line_1_10' title="bbox 202 1286 1726 1382; baseline 0.002 -19"><span class='ocrx_word' id='word_1_89' title='bbox 202 1286 285 1363; x_wconf 73' lang='lat' dir='ltr'>fatti</span> <span class='ocrx_word' id='word_1_90' title='bbox 311 1291 684 1382; x_wconf 86' lang='lat' dir='ltr'>manu-mitterentur,</span> <span class='ocrx_word' id='word_1_91' title='bbox 709 1312 750 1365; x_wconf 91' lang='lat' dir='ltr'>ut</span> <span class='ocrx_word' id='word_1_92' title='bbox 774 1290 945 1365; x_wconf 87' lang='lat' dir='ltr'>nimirum</span> <span class='ocrx_word' id='word_1_93' title='bbox 971 1292 1078 1364; x_wconf 87' lang='lat' dir='ltr'>armis</span> <span class='ocrx_word' id='word_1_94' title='bbox 1102 1292 1209 1365; x_wconf 74' lang='lat' dir='ltr'>villos</span> <span class='ocrx_word' id='word_1_95' title='bbox 1233 1291 1423 1366; x_wconf 86' lang='lat' dir='ltr'>clementia</span> <span class='ocrx_word' id='word_1_96' title='bbox 1448 1289 1588 1368; x_wconf 86' lang='lat' dir='ltr'>sanaret</span> <span class='ocrx_word' id='word_1_97' title='bbox 1608 1330 1624 1365; x_wconf 63' lang='lat' dir='ltr'>e</span> <span class='ocrx_word' id='word_1_98' title='bbox 1644 1288 1726 1366; x_wconf 88' lang='lat' dir='ltr'>Du·</span> 
     </span>
     <span class='ocr_line' id='line_1_11' title="bbox 201 1387 1732 1483; baseline 0.001 -18"><span class='ocrx_word' id='word_1_99' title='bbox 201 1389 298 1465; x_wconf 67' lang='lat' dir='ltr'>bum</span> <span class='ocrx_word' id='word_1_100' title='bbox 325 1410 446 1466; x_wconf 85' lang='lat' dir='ltr'>tamen</span> <span class='ocrx_word' id='word_1_101' title='bbox 469 1388 563 1483; x_wconf 78' lang='lat' dir='ltr'>init,</span> <span class='ocrx_word' id='word_1_102' title='bbox 588 1417 634 1465; x_wconf 88' lang='lat' dir='ltr'>an</span> <span class='ocrx_word' id='word_1_103' title='bbox 655 1391 732 1481; x_wconf 77' lang='lat' dir='ltr'>inre</span> <span class='ocrx_word' id='word_1_104' title='bbox 802 1387 865 1466; x_wconf 85' lang='lat' dir='ltr'>ffet</span> <span class='ocrx_word' id='word_1_105' title='bbox 890 1415 953 1466; x_wconf 86' lang='lat' dir='ltr'>eos</span> <span class='ocrx_word' id='word_1_106' title='bbox 977 1392 1018 1465; x_wconf 89' lang='lat' dir='ltr'>in</span> <span class='ocrx_word' id='word_1_107' title='bbox 1038 1389 1153 1466; x_wconf 80' lang='lat' dir='ltr'>seruos</span> <span class='ocrx_word' id='word_1_108' title='bbox 1178 1393 1335 1466; x_wconf 83' lang='lat' dir='ltr'>tradere.</span> <span class='ocrx_word' id='word_1_109' title='bbox 1728 1443 1732 1455; x_wconf 87' lang='lat'><em>·</em></span> 
     </span>
    </p>

    <p class='ocr_par' dir='ltr' id='par_1_3' title="bbox 199 1417 1730 2504">
     <span class='ocr_line' id='line_1_12' title="bbox 306 1417 1728 1590; baseline 0.001 -24"><span class='ocrx_word' id='word_1_110' title='bbox 306 1489 431 1569; x_wconf 87' lang='lat' dir='ltr'>Patres</span> <span class='ocrx_word' id='word_1_111' title='bbox 455 1493 646 1568; x_wconf 83' lang='lat' dir='ltr'>Societatts</span> <span class='ocrx_word' id='word_1_112' title='bbox 670 1494 715 1567; x_wconf 90' lang='lat' dir='ltr'>de</span> <span class='ocrx_word' id='word_1_113' title='bbox 735 1417 900 1590; x_wconf 47' lang='grc' dir='ltr'>(ζιιοςιο</span> <span class='ocrx_word' id='word_1_114' title='bbox 919 1490 1100 1584; x_wconf 77' lang='lat' dir='ltr'>L¹mano,</span> <span class='ocrx_word' id='word_1_115' title='bbox 1125 1516 1213 1590; x_wconf 90' lang='lat' dir='ltr'>quos</span> <span class='ocrx_word' id='word_1_116' title='bbox 1239 1489 1422 1568; x_wconf 86' lang='lat' dir='ltr'>interfuit</span> <span class='ocrx_word' id='word_1_117' title='bbox 1446 1490 1573 1567; x_wconf 73' lang='lat' dir='ltr'>doetus</span> <span class='ocrx_word' id='word_1_118' title='bbox 1592 1488 1632 1567; x_wconf 90' lang='lat' dir='ltr'>P.</span> <span class='ocrx_word' id='word_1_119' title='bbox 1644 1488 1728 1567; x_wconf 87' lang='lat' dir='ltr'>Me·</span> 
     </span>
     <span class='ocr_line' id='line_1_13' title="bbox 203 1591 1730 1715; baseline 0.001 -49"><span class='ocrx_word' id='word_1_120' title='bbox 203 1591 351 1685; x_wconf 83' lang='lat' dir='ltr'>nacbo,</span> <span class='ocrx_word' id='word_1_121' title='bbox 367 1616 412 1670; x_wconf 88' lang='lat' dir='ltr'>nt</span> <span class='ocrx_word' id='word_1_122' title='bbox 449 1591 555 1670; x_wconf 86' lang='lat' dir='ltr'>refert</span> <span class='ocrx_word' id='word_1_123' title='bbox 580 1595 716 1670; x_wconf 86' lang='lat' dir='ltr'>Alloza·</span> <span class='ocrx_word' id='word_1_124' title='bbox 743 1593 837 1709; x_wconf 70' lang='lat' dir='ltr'>(b),</span> <span class='ocrx_word' id='word_1_125' title='bbox 863 1599 899 1670; x_wconf 82' lang='lat' dir='ltr'>dt</span> <span class='ocrx_word' id='word_1_126' title='bbox 935 1591 1199 1715; x_wconf 62' lang='lat' dir='ltr'>P.3§teplrantu</span> <span class='ocrx_word' id='word_1_127' title='bbox 1236 1592 1341 1668; x_wconf 87' lang='lat' dir='ltr'>Avila</span> <span class='ocrx_word' id='word_1_128' title='bbox 1378 1594 1471 1668; x_wconf 85' lang='lat' dir='ltr'>libris</span> <span class='ocrx_word' id='word_1_129' title='bbox 1495 1595 1597 1712; x_wconf 77' lang='lat' dir='ltr'>editis</span> <span class='ocrx_word' id='word_1_130' title='bbox 1621 1612 1730 1668; x_wconf 86' lang='lat' dir='ltr'>notus</span> 
     </span>
     <span class='ocr_line' id='line_1_14' title="bbox 202 1692 1730 1895; baseline -0.001 -25"><span class='ocrx_word' id='word_1_131' title='bbox 202 1694 525 1895; x_wconf 52' lang='lat' dir='ltr'>beldegii?</span> <span class='ocrx_word' id='word_1_132' title='bbox 548 1700 594 1871; x_wconf 63' lang='lat' dir='ltr'>ll</span> <span class='ocrx_word' id='word_1_133' title='bbox 608 1692 1397 1892; x_wconf 48' lang='lat' dir='ltr'>infidi“t‘ilz‘littstsilll</span> <span class='ocrx_word' id='word_1_134' title='bbox 1410 1700 1730 1893; x_wconf 53' lang='lat' dir='ltr'>dedissit</span> 
     </span>
     <span class='ocr_line' id='line_1_15' title="bbox 202 1895 1722 2008; baseline -0.002 -37"><span class='ocrx_word' id='word_1_135' title='bbox 202 1897 363 2008; x_wconf 78' lang='lat' dir='ltr'>libertate</span> <span class='ocrx_word' id='word_1_136' title='bbox 394 1900 522 1996; x_wconf 81' lang='lat' dir='ltr'>privari</span> <span class='ocrx_word' id='word_1_137' title='bbox 559 1897 728 1996; x_wconf 89' lang='lat' dir='ltr'>Principis</span> <span class='ocrx_word' id='word_1_138' title='bbox 761 1898 952 1973; x_wconf 80' lang='lat' dir='ltr'>accedente</span> <span class='ocrx_word' id='word_1_139' title='bbox 979 1895 1227 1972; x_wconf 77' lang='lat' dir='ltr'>authoritate.</span> <span class='ocrx_word' id='word_1_140' title='bbox 1266 1896 1376 1995; x_wconf 89' lang='lat' dir='ltr'>quue</span> <span class='ocrx_word' id='word_1_141' title='bbox 1402 1895 1518 1995; x_wconf 85' lang='lat' dir='ltr'>primb</span> <span class='ocrx_word' id='word_1_142' title='bbox 1554 1895 1722 1995; x_wconf 87' lang='lat' dir='ltr'>probatur</span> 
     </span>
     <span class='ocr_line' id='line_1_16' title="bbox 199 1995 1726 2097; baseline -0.003 -23"><span class='ocrx_word' id='word_1_143' title='bbox 199 2001 377 2096; x_wconf 84' lang='lat' dir='ltr'>cxsregia</span> <span class='ocrx_word' id='word_1_144' title='bbox 411 1996 588 2075; x_wconf 63' lang='lat' dir='ltr'>sandione</span> <span class='ocrx_word' id='word_1_145' title='bbox 622 1999 716 2089; x_wconf 78' lang='lat' dir='ltr'>(d),</span> <span class='ocrx_word' id='word_1_146' title='bbox 753 2023 825 2096; x_wconf 89' lang='lat' dir='ltr'>qua</span> <span class='ocrx_word' id='word_1_147' title='bbox 862 1997 1041 2097; x_wconf 82' lang='lat' dir='ltr'>Philippus</span> <span class='ocrx_word' id='word_1_148' title='bbox 1077 1997 1219 2073; x_wconf 90' lang='lat' dir='ltr'>Tertius</span> <span class='ocrx_word' id='word_1_149' title='bbox 1253 1995 1419 2073; x_wconf 80' lang='lat' dir='ltr'>conceffrt</span> <span class='ocrx_word' id='word_1_150' title='bbox 1452 2018 1491 2073; x_wconf 92' lang='lat' dir='ltr'>ut</span> <span class='ocrx_word' id='word_1_151' title='bbox 1527 1997 1726 2095; x_wconf 88' lang='lat' dir='ltr'>mancipari</span> 
     </span>
     <span class='ocr_line' id='line_1_17' title="bbox 202 2094 1726 2199; baseline 0.003 -26"><span class='ocrx_word' id='word_1_152' title='bbox 202 2094 309 2196; x_wconf 82' lang='lat' dir='ltr'>pollet</span> <span class='ocrx_word' id='word_1_153' title='bbox 335 2100 482 2199; x_wconf 83' lang='lat' dir='ltr'>quilibet</span> <span class='ocrx_word' id='word_1_154' title='bbox 507 2101 656 2175; x_wconf 89' lang='lat' dir='ltr'>decenni</span> <span class='ocrx_word' id='word_1_155' title='bbox 676 2102 820 2191; x_wconf 84' lang='lat' dir='ltr'>major:</span> <span class='ocrx_word' id='word_1_156' title='bbox 857 2104 894 2178; x_wconf 77' lang='lat' dir='ltr'>bt</span> <span class='ocrx_word' id='word_1_157' title='bbox 917 2102 1003 2175; x_wconf 88' lang='lat' dir='ltr'>licet</span> <span class='ocrx_word' id='word_1_158' title='bbox 1041 2100 1248 2175; x_wconf 89' lang='lat' dir='ltr'>connitente</span> <span class='ocrx_word' id='word_1_159' title='bbox 1272 2098 1313 2174; x_wconf 89' lang='lat' dir='ltr'>P.</span> <span class='ocrx_word' id='word_1_160' title='bbox 1340 2098 1525 2174; x_wconf 85' lang='lat' dir='ltr'>Ludovico</span> <span class='ocrx_word' id='word_1_161' title='bbox 1559 2099 1726 2177; x_wconf 77' lang='lat' dir='ltr'>Valdivia</span> 
     </span>
     <span class='ocr_line' id='line_1_18' title="bbox 203 2197 1725 2301; baseline -0.002 -25"><span class='ocrx_word' id='word_1_162' title='bbox 203 2198 239 2276; x_wconf 88' lang='lat' dir='ltr'>S.</span> <span class='ocrx_word' id='word_1_163' title='bbox 262 2197 320 2297; x_wconf 68' lang='grc'>1.,</span> <span class='ocrx_word' id='word_1_164' title='bbox 343 2199 503 2301; x_wconf 82' lang='lat' dir='ltr'>suspensa</span> <span class='ocrx_word' id='word_1_165' title='bbox 530 2199 637 2276; x_wconf 85' lang='lat' dir='ltr'>fuerit</span> <span class='ocrx_word' id='word_1_166' title='bbox 663 2203 827 2277; x_wconf 86' lang='lat' dir='ltr'>executio</span> <span class='ocrx_word' id='word_1_167' title='bbox 862 2201 1179 2293; x_wconf 85' lang='lat' dir='ltr'>addecennium,</span> <span class='ocrx_word' id='word_1_168' title='bbox 1206 2224 1290 2275; x_wconf 91' lang='lat' dir='ltr'>cum</span> <span class='ocrx_word' id='word_1_169' title='bbox 1316 2221 1437 2276; x_wconf 87' lang='lat' dir='ltr'>tamen</span> <span class='ocrx_word' id='word_1_170' title='bbox 1470 2223 1578 2298; x_wconf 83' lang='lat' dir='ltr'>genus</span> <span class='ocrx_word' id='word_1_171' title='bbox 1605 2200 1725 2274; x_wconf 88' lang='lat' dir='ltr'>homi·</span> 
     </span>
     <span class='ocr_line' id='line_1_19' title="bbox 202 2299 1727 2400; baseline -0.001 -24"><span class='ocrx_word' id='word_1_172' title='bbox 202 2320 288 2376; x_wconf 85' lang='lat' dir='ltr'>tntm</span> <span class='ocrx_word' id='word_1_173' title='bbox 314 2301 466 2379; x_wconf 81' lang='lat' dir='ltr'>infidum</span> <span class='ocrx_word' id='word_1_174' title='bbox 490 2308 527 2381; x_wconf 75' lang='grc' dir='ltr'>δι</span> <span class='ocrx_word' id='word_1_175' title='bbox 550 2301 791 2379; x_wconf 80' lang='lat' dir='ltr'>reftadlarium</span> <span class='ocrx_word' id='word_1_176' title='bbox 817 2305 855 2378; x_wconf 91' lang='lat' dir='ltr'>in</span> <span class='ocrx_word' id='word_1_177' title='bbox 881 2303 975 2400; x_wconf 86' lang='lat' dir='ltr'>peius</span> <span class='ocrx_word' id='word_1_178' title='bbox 1008 2319 1149 2393; x_wconf 80' lang='lat' dir='ltr'>meret,</span> <span class='ocrx_word' id='word_1_179' title='bbox 1174 2302 1318 2378; x_wconf 83' lang='lat' dir='ltr'>decreta</span> <span class='ocrx_word' id='word_1_180' title='bbox 1352 2299 1402 2379; x_wconf 87' lang='lat' dir='ltr'>est</span> <span class='ocrx_word' id='word_1_181' title='bbox 1435 2302 1655 2398; x_wconf 88' lang='lat' dir='ltr'>mancipatio</span> <span class='ocrx_word' id='word_1_182' title='bbox 1665 2299 1727 2392; x_wconf 70' lang='lat' dir='ltr'>„l</span> 
     </span>
     <span class='ocr_line' id='line_1_20' title="bbox 204 2401 1727 2504; baseline 0.001 -25"><span class='ocrx_word' id='word_1_183' title='bbox 204 2428 270 2502; x_wconf 80' lang='lat' dir='ltr'>qua</span> <span class='ocrx_word' id='word_1_184' title='bbox 296 2423 418 2479; x_wconf 86' lang='lat' dir='ltr'>tamen</span> <span class='ocrx_word' id='word_1_185' title='bbox 455 2428 516 2504; x_wconf 83' lang='lat' dir='ltr'>per</span> <span class='ocrx_word' id='word_1_186' title='bbox 546 2406 704 2480; x_wconf 87' lang='lat' dir='ltr'>citatam</span> <span class='ocrx_word' id='word_1_187' title='bbox 737 2408 852 2500; x_wconf 87' lang='lat' dir='ltr'>legem</span> <span class='ocrx_word' id='word_1_188' title='bbox 876 2402 1093 2502; x_wconf 86' lang='lat' dir='ltr'>supersedere</span> <span class='ocrx_word' id='word_1_189' title='bbox 1128 2401 1213 2478; x_wconf 85' lang='lat' dir='ltr'>fecit</span> <span class='ocrx_word' id='word_1_190' title='bbox 1238 2427 1312 2478; x_wconf 92' lang='lat' dir='ltr'>non</span> <span class='ocrx_word' id='word_1_191' title='bbox 1335 2403 1464 2478; x_wconf 81' lang='lat' dir='ltr'>merita</span> <span class='ocrx_word' id='word_1_192' title='bbox 1501 2403 1727 2500; x_wconf 64' lang='lat' dir='ltr'>benignitati.</span> 
     </span>
    </p>
   </div>
   <div class='ocr_carea' id='block_1_3' title="bbox 303 2502 1859 2604">
    <p class='ocr_par' dir='ltr' id='par_1_4' title="bbox 303 2502 1859 2604">
     <span class='ocr_line' id='line_1_21' title="bbox 303 2502 1859 2604; baseline -0.004 -22"><span class='ocrx_word' id='word_1_193' title='bbox 303 2528 338 2582; x_wconf 85' lang='lat'>2.</span> <span class='ocrx_word' id='word_1_194' title='bbox 365 2502 462 2603; x_wconf 81' lang='lat' dir='ltr'>Qtia</span> <span class='ocrx_word' id='word_1_195' title='bbox 490 2506 581 2581; x_wconf 89' lang='lat' dir='ltr'>inter</span> <span class='ocrx_word' id='word_1_196' title='bbox 618 2504 848 2604; x_wconf 84' lang='lat' dir='ltr'>mancipandi</span> <span class='ocrx_word' id='word_1_197' title='bbox 876 2507 996 2581; x_wconf 87' lang='lat' dir='ltr'>titulos</span> <span class='ocrx_word' id='word_1_198' title='bbox 1031 2505 1161 2602; x_wconf 85' lang='lat' dir='ltr'>primas</span> <span class='ocrx_word' id='word_1_199' title='bbox 1184 2502 1323 2580; x_wconf 90' lang='lat' dir='ltr'>obtinet</span> <span class='ocrx_word' id='word_1_200' title='bbox 1358 2502 1488 2594; x_wconf 82' lang='lat' dir='ltr'>iustitia</span> <span class='ocrx_word' id='word_1_201' title='bbox 1511 2502 1625 2596; x_wconf 92' lang='lat' dir='ltr'>belli,</span> <span class='ocrx_word' id='word_1_202' title='bbox 1648 2526 1726 2578; x_wconf 86' lang='lat' dir='ltr'>rna·</span> <span class='ocrx_word' id='word_1_203' title='bbox 1856 2592 1859 2596; x_wconf 85' lang='lat'>.</span> 
     </span>
    </p>
   </div>
   <div class='ocr_carea' id='block_1_4' title="bbox 191 2601 1760 4626">
    <p class='ocr_par' dir='ltr' id='par_1_5' title="bbox 191 2601 1760 4626">
     <span class='ocr_line' id='line_1_22' title="bbox 206 2601 1760 2703; baseline -0.002 -23"><span class='ocrx_word' id='word_1_204' title='bbox 206 2604 297 2683; x_wconf 70' lang='lat' dir='ltr'>t&#39;unb</span> <span class='ocrx_word' id='word_1_205' title='bbox 319 2628 447 2684; x_wconf 89' lang='lat' dir='ltr'>contra</span> <span class='ocrx_word' id='word_1_206' title='bbox 473 2606 650 2683; x_wconf 83' lang='lat' dir='ltr'>christiani</span> <span class='ocrx_word' id='word_1_207' title='bbox 676 2608 832 2684; x_wconf 90' lang='lat' dir='ltr'>nominis</span> <span class='ocrx_word' id='word_1_208' title='bbox 855 2605 993 2683; x_wconf 85' lang='lat' dir='ltr'>hostes:</span> <span class='ocrx_word' id='word_1_209' title='bbox 1020 2611 1056 2682; x_wconf 75' lang='grc' dir='ltr'>δι</span> <span class='ocrx_word' id='word_1_210' title='bbox 1080 2603 1269 2681; x_wconf 83' lang='lat' dir='ltr'>univerfim</span> <span class='ocrx_word' id='word_1_211' title='bbox 1292 2604 1456 2680; x_wconf 66' lang='lat' dir='ltr'>delitum</span> <span class='ocrx_word' id='word_1_212' title='bbox 1483 2630 1555 2702; x_wconf 94' lang='lat' dir='ltr'>quo</span> <span class='ocrx_word' id='word_1_213' title='bbox 1579 2605 1656 2703; x_wconf 88' lang='lat' dir='ltr'>quis</span> <span class='ocrx_word' id='word_1_214' title='bbox 1677 2601 1727 2678; x_wconf 87' lang='lat' dir='ltr'>est</span> <span class='ocrx_word' id='word_1_215' title='bbox 1758 2606 1760 2611; x_wconf 80' lang='grc'>’</span> 
     </span>
     <span class='ocr_line' id='line_1_23' title="bbox 203 2702 1726 2806; baseline -0.002 -26"><span class='ocrx_word' id='word_1_216' title='bbox 203 2730 280 2782; x_wconf 86' lang='lat' dir='ltr'>reus</span> <span class='ocrx_word' id='word_1_217' title='bbox 302 2711 453 2802; x_wconf 86' lang='lat' dir='ltr'>mortis,</span> <span class='ocrx_word' id='word_1_218' title='bbox 477 2707 606 2800; x_wconf 73' lang='lat' dir='ltr'>iustam</span> <span class='ocrx_word' id='word_1_219' title='bbox 631 2709 696 2785; x_wconf 86' lang='lat' dir='ltr'>dar</span> <span class='ocrx_word' id='word_1_220' title='bbox 720 2710 946 2806; x_wconf 85' lang='lat' dir='ltr'>mancipandi</span> <span class='ocrx_word' id='word_1_221' title='bbox 974 2707 1141 2797; x_wconf 78' lang='lat' dir='ltr'>causam,</span> <span class='ocrx_word' id='word_1_222' title='bbox 1167 2704 1306 2803; x_wconf 82' lang='lat' dir='ltr'>praecisa</span> <span class='ocrx_word' id='word_1_223' title='bbox 1343 2708 1420 2805; x_wconf 86' lang='lat' dir='ltr'>lege</span> <span class='ocrx_word' id='word_1_224' title='bbox 1447 2726 1508 2782; x_wconf 88' lang='lat' dir='ltr'>aut</span> <span class='ocrx_word' id='word_1_225' title='bbox 1543 2702 1726 2782; x_wconf 88' lang='lat' dir='ltr'>consuetu-</span> 
     </span>
     <span class='ocr_line' id='line_1_24' title="bbox 205 2805 1724 2906; baseline -0.003 -21"><span class='ocrx_word' id='word_1_226' title='bbox 205 2809 307 2901; x_wconf 83' lang='lat' dir='ltr'>dine,</span> <span class='ocrx_word' id='word_1_227' title='bbox 331 2835 419 2886; x_wconf 85' lang='lat' dir='ltr'>nam</span> <span class='ocrx_word' id='word_1_228' title='bbox 443 2835 526 2886; x_wconf 89' lang='lat' dir='ltr'>cum</span> <span class='ocrx_word' id='word_1_229' title='bbox 550 2811 721 2887; x_wconf 86' lang='lat' dir='ltr'>libertatis</span> <span class='ocrx_word' id='word_1_230' title='bbox 757 2812 887 2896; x_wconf 71' lang='lat' dir='ltr'>iadbura</span> <span class='ocrx_word' id='word_1_231' title='bbox 912 2811 1032 2886; x_wconf 83' lang='lat' dir='ltr'>minor</span> <span class='ocrx_word' id='word_1_232' title='bbox 1066 2806 1109 2884; x_wconf 85' lang='lat' dir='ltr'>stt</span> <span class='ocrx_word' id='word_1_233' title='bbox 1134 2833 1242 2906; x_wconf 83' lang='lat' dir='ltr'>quam</span> <span class='ocrx_word' id='word_1_234' title='bbox 1268 2810 1380 2900; x_wconf 83' lang='lat' dir='ltr'>vitae,</span> <span class='ocrx_word' id='word_1_235' title='bbox 1417 2805 1502 2895; x_wconf 72' lang='lat' dir='ltr'>juste</span> <span class='ocrx_word' id='word_1_236' title='bbox 1527 2805 1603 2882; x_wconf 86' lang='lat' dir='ltr'>imb</span> <span class='ocrx_word' id='word_1_237' title='bbox 1629 2805 1724 2882; x_wconf 88' lang='lat' dir='ltr'>beni-</span> 
     </span>
     <span class='ocr_line' id='line_1_25' title="bbox 204 2906 1719 3086; baseline -0.002 -101"><span class='ocrx_word' id='word_1_238' title='bbox 204 2908 336 3086; x_wconf 49' lang='grc' dir='ltr'><strong>ᾗῇ</strong></span> <span class='ocrx_word' id='word_1_239' title='bbox 360 2936 443 3004; x_wconf 87' lang='lat' dir='ltr'>reo,</span> <span class='ocrx_word' id='word_1_240' title='bbox 471 2911 592 2986; x_wconf 75' lang='lat' dir='ltr'>senex</span> <span class='ocrx_word' id='word_1_241' title='bbox 618 2938 700 2987; x_wconf 89' lang='lat' dir='ltr'>cum</span> <span class='ocrx_word' id='word_1_242' title='bbox 724 2911 888 2988; x_wconf 84' lang='lat' dir='ltr'>servitute</span> <span class='ocrx_word' id='word_1_243' title='bbox 914 2931 1093 2987; x_wconf 89' lang='lat' dir='ltr'>mutetur.</span> <span class='ocrx_word' id='word_1_244' title='bbox 1120 2910 1172 2984; x_wconf 85' lang='lat' dir='ltr'>At</span> <span class='ocrx_word' id='word_1_245' title='bbox 1196 2931 1344 3001; x_wconf 88' lang='lat' dir='ltr'>omnes,</span> <span class='ocrx_word' id='word_1_246' title='bbox 1370 2910 1415 2984; x_wconf 92' lang='lat' dir='ltr'>de</span> <span class='ocrx_word' id='word_1_247' title='bbox 1431 2906 1554 3009; x_wconf 85' lang='lat' dir='ltr'>quibus</span> <span class='ocrx_word' id='word_1_248' title='bbox 1579 2908 1719 3006; x_wconf 87' lang='lat' dir='ltr'>agitur,</span> 
     </span>
     <span class='ocr_line' id='line_1_26' title="bbox 271 3008 1727 3113; baseline -0.001 -28"><span class='ocrx_word' id='word_1_249' title='bbox 271 3009 450 3087; x_wconf 86' lang='lat' dir='ltr'>&#39;fuerunt</span> <span class='ocrx_word' id='word_1_250' title='bbox 465 3014 526 3088; x_wconf 79' lang='lat' dir='ltr'>tei</span> <span class='ocrx_word' id='word_1_251' title='bbox 551 3012 781 3104; x_wconf 82' lang='lat' dir='ltr'>rebellionis,</span> <span class='ocrx_word' id='word_1_252' title='bbox 815 3017 873 3087; x_wconf 76' lang='lat' dir='ltr'>vel</span> <span class='ocrx_word' id='word_1_253' title='bbox 901 3008 1102 3113; x_wconf 82' lang='lat' dir='ltr'>apollafiae,</span> <span class='ocrx_word' id='word_1_254' title='bbox 1139 3012 1192 3084; x_wconf 88' lang='lat' dir='ltr'>vel</span> <span class='ocrx_word' id='word_1_255' title='bbox 1228 3009 1360 3102; x_wconf 73' lang='lat' dir='ltr'>iniustae</span> <span class='ocrx_word' id='word_1_256' title='bbox 1385 3032 1511 3087; x_wconf 84' lang='lat' dir='ltr'>contra</span> <span class='ocrx_word' id='word_1_257' title='bbox 1546 3009 1727 3108; x_wconf 84' lang='lat' dir='ltr'>publicam</span> 
     </span>
     <span class='ocr_line' id='line_1_27' title="bbox 206 3108 1727 3211; baseline -0.005 -20"><span class='ocrx_word' id='word_1_258' title='bbox 206 3112 494 3191; x_wconf 73' lang='lat' dir='ltr'>&amp;christianam</span> <span class='ocrx_word' id='word_1_259' title='bbox 519 3137 596 3188; x_wconf 81' lang='lat' dir='ltr'>rom</span> <span class='ocrx_word' id='word_1_260' title='bbox 631 3111 891 3211; x_wconf 83' lang='lat' dir='ltr'>aggreffionis,</span> <span class='ocrx_word' id='word_1_261' title='bbox 926 3116 981 3188; x_wconf 88' lang='lat' dir='ltr'>vel</span> <span class='ocrx_word' id='word_1_262' title='bbox 1007 3112 1139 3187; x_wconf 86' lang='lat' dir='ltr'>horum</span> <span class='ocrx_word' id='word_1_263' title='bbox 1172 3108 1278 3185; x_wconf 80' lang='lat' dir='ltr'>fimul</span> <span class='ocrx_word' id='word_1_264' title='bbox 1309 3112 1540 3203; x_wconf 67' lang='lat' dir='ltr'>(seldenum,</span> <span class='ocrx_word' id='word_1_265' title='bbox 1574 3134 1727 3210; x_wconf 85' lang='lat' dir='ltr'>quonam</span> 
     </span>
     <span class='ocr_line' id='line_1_28' title="bbox 208 3209 1725 3314; baseline 0.001 -27"><span class='ocrx_word' id='word_1_266' title='bbox 208 3209 339 3314; x_wconf 68' lang='lat' dir='ltr'>ffigula</span> <span class='ocrx_word' id='word_1_267' title='bbox 360 3213 534 3310; x_wconf 77' lang='lat' dir='ltr'>capitafia</span> <span class='ocrx_word' id='word_1_268' title='bbox 558 3212 656 3289; x_wconf 90' lang='lat' dir='ltr'>sunt.</span> <span class='ocrx_word' id='word_1_269' title='bbox 678 3213 731 3288; x_wconf 85' lang='lat' dir='ltr'>Et</span> <span class='ocrx_word' id='word_1_270' title='bbox 756 3237 830 3287; x_wconf 90' lang='lat' dir='ltr'>non</span> <span class='ocrx_word' id='word_1_271' title='bbox 855 3216 927 3288; x_wconf 89' lang='lat' dir='ltr'>alio</span> <span class='ocrx_word' id='word_1_272' title='bbox 953 3213 1059 3289; x_wconf 90' lang='lat' dir='ltr'>titulo</span> <span class='ocrx_word' id='word_1_273' title='bbox 1084 3212 1199 3286; x_wconf 88' lang='lat' dir='ltr'>mauri</span> <span class='ocrx_word' id='word_1_274' title='bbox 1226 3209 1299 3285; x_wconf 81' lang='lat' dir='ltr'>stne</span> <span class='ocrx_word' id='word_1_275' title='bbox 1323 3211 1486 3309; x_wconf 88' lang='lat' dir='ltr'>scrupulo</span> <span class='ocrx_word' id='word_1_276' title='bbox 1519 3211 1725 3309; x_wconf 70' lang='lat' dir='ltr'>mancipan-v</span> 
     </span>
     <span class='ocr_line' id='line_1_29' title="bbox 206 3309 1719 3414; baseline -0.001 -24"><span class='ocrx_word' id='word_1_277' title='bbox 206 3330 281 3409; x_wconf 80' lang='lat' dir='ltr'>nar,</span> <span class='ocrx_word' id='word_1_278' title='bbox 308 3319 347 3393; x_wconf 81' lang='lat' dir='ltr'>dt</span> <span class='ocrx_word' id='word_1_279' title='bbox 372 3315 465 3388; x_wconf 91' lang='lat' dir='ltr'>inter</span> <span class='ocrx_word' id='word_1_280' title='bbox 486 3339 632 3389; x_wconf 88' lang='lat' dir='ltr'>mauros</span> <span class='ocrx_word' id='word_1_281' title='bbox 655 3314 841 3414; x_wconf 89' lang='lat' dir='ltr'>baptizati,</span> <span class='ocrx_word' id='word_1_282' title='bbox 870 3317 928 3412; x_wconf 89' lang='lat' dir='ltr'>qui</span> <span class='ocrx_word' id='word_1_283' title='bbox 954 3312 1102 3412; x_wconf 82' lang='lat' dir='ltr'>renegati</span> <span class='ocrx_word' id='word_1_284' title='bbox 1124 3312 1291 3386; x_wconf 91' lang='lat' dir='ltr'>dicuntur</span> <span class='ocrx_word' id='word_1_285' title='bbox 1316 3309 1500 3411; x_wconf 77' lang='lat' dir='ltr'>apostatat.</span> <span class='ocrx_word' id='word_1_286' title='bbox 1716 3383 1719 3388; x_wconf 87' lang='lat'>.</span> 
     </span>
     <span class='ocr_line' id='line_1_30' title="bbox 304 3411 1726 3514; baseline -0.001 -25"><span class='ocrx_word' id='word_1_287' title='bbox 304 3414 387 3490; x_wconf 92' lang='lat' dir='ltr'>lmo</span> <span class='ocrx_word' id='word_1_288' title='bbox 413 3411 547 3512; x_wconf 80' lang='lat' dir='ltr'>possent</span> <span class='ocrx_word' id='word_1_289' title='bbox 573 3417 778 3490; x_wconf 84' lang='lat' dir='ltr'>innocentes</span> <span class='ocrx_word' id='word_1_290' title='bbox 815 3415 867 3489; x_wconf 89' lang='lat' dir='ltr'>illi</span> <span class='ocrx_word' id='word_1_291' title='bbox 890 3469 901 3506; x_wconf 94' lang='lat'>,</span> <span class='ocrx_word' id='word_1_292' title='bbox 926 3438 1078 3514; x_wconf 84' lang='lat' dir='ltr'>quontm</span> <span class='ocrx_word' id='word_1_293' title='bbox 1101 3411 1244 3487; x_wconf 84' lang='lat' dir='ltr'>libertas</span> <span class='ocrx_word' id='word_1_294' title='bbox 1267 3411 1317 3489; x_wconf 90' lang='lat' dir='ltr'>est</span> <span class='ocrx_word' id='word_1_295' title='bbox 1353 3412 1413 3489; x_wconf 86' lang='lat' dir='ltr'>sub</span> <span class='ocrx_word' id='word_1_296' title='bbox 1445 3411 1726 3511; x_wconf 86' lang='lat' dir='ltr'>delinquentium</span> 
     </span>
     <span class='ocr_line' id='line_1_31' title="bbox 202 3511 1725 3615; baseline -0.001 -23"><span class='ocrx_word' id='word_1_297' title='bbox 202 3513 373 3614; x_wconf 83' lang='lat' dir='ltr'>potestate</span> <span class='ocrx_word' id='word_1_298' title='bbox 394 3515 502 3591; x_wconf 73' lang='lat' dir='ltr'>sclavi</span> <span class='ocrx_word' id='word_1_299' title='bbox 527 3513 625 3608; x_wconf 87' lang='lat' dir='ltr'>fieri,</span> <span class='ocrx_word' id='word_1_300' title='bbox 648 3542 726 3591; x_wconf 88' lang='lat' dir='ltr'>non</span> <span class='ocrx_word' id='word_1_301' title='bbox 752 3519 790 3592; x_wconf 87' lang='lat' dir='ltr'>in</span> <span class='ocrx_word' id='word_1_302' title='bbox 814 3541 959 3614; x_wconf 84' lang='lat' dir='ltr'>poenam</span> <span class='ocrx_word' id='word_1_303' title='bbox 983 3539 1058 3615; x_wconf 85' lang='lat' dir='ltr'>quae</span> <span class='ocrx_word' id='word_1_304' title='bbox 1082 3512 1127 3589; x_wconf 82' lang='lat' dir='ltr'>stt</span> <span class='ocrx_word' id='word_1_305' title='bbox 1151 3511 1303 3611; x_wconf 74' lang='lat' dir='ltr'>respedlu</span> <span class='ocrx_word' id='word_1_306' title='bbox 1327 3515 1473 3590; x_wconf 84' lang='lat' dir='ltr'>illonam</span> <span class='ocrx_word' id='word_1_307' title='bbox 1507 3512 1645 3613; x_wconf 74' lang='lat' dir='ltr'>proprie</span> <span class='ocrx_word' id='word_1_308' title='bbox 1673 3534 1725 3590; x_wconf 88' lang='lat' dir='ltr'>ta·</span> 
     </span>
     <span class='ocr_line' id='line_1_32' title="bbox 202 3614 1726 3717; baseline -0.001 -24"><span class='ocrx_word' id='word_1_309' title='bbox 202 3618 265 3709; x_wconf 79' lang='lat' dir='ltr'>tis,</span> <span class='ocrx_word' id='word_1_310' title='bbox 287 3617 351 3692; x_wconf 73' lang='lat' dir='ltr'>sed</span> <span class='ocrx_word' id='word_1_311' title='bbox 375 3639 549 3717; x_wconf 85' lang='lat' dir='ltr'>quatenus</span> <span class='ocrx_word' id='word_1_312' title='bbox 574 3642 678 3715; x_wconf 77' lang='lat' dir='ltr'>pirna</span> <span class='ocrx_word' id='word_1_313' title='bbox 702 3615 752 3693; x_wconf 84' lang='lat' dir='ltr'>eil</span> <span class='ocrx_word' id='word_1_314' title='bbox 776 3616 926 3715; x_wconf 71' lang='lat' dir='ltr'>respersu</span> <span class='ocrx_word' id='word_1_315' title='bbox 959 3617 1269 3715; x_wconf 89' lang='lat' dir='ltr'>delinquentium.</span> <span class='ocrx_word' id='word_1_316' title='bbox 1298 3614 1341 3692; x_wconf 89' lang='lat' dir='ltr'>Id</span> <span class='ocrx_word' id='word_1_317' title='bbox 1364 3615 1461 3716; x_wconf 88' lang='lat' dir='ltr'>quod</span> <span class='ocrx_word' id='word_1_318' title='bbox 1485 3615 1524 3691; x_wconf 90' lang='lat' dir='ltr'>in</span> <span class='ocrx_word' id='word_1_319' title='bbox 1546 3615 1726 3714; x_wconf 88' lang='lat' dir='ltr'>principiis</span> 
     </span>
     <span class='ocr_line' id='line_1_33' title="bbox 199 3713 1726 3816; baseline 0 -22"><span class='ocrx_word' id='word_1_320' title='bbox 199 3716 292 3816; x_wconf 80' lang='lat' dir='ltr'>Jutis</span> <span class='ocrx_word' id='word_1_321' title='bbox 313 3717 492 3795; x_wconf 85' lang='lat' dir='ltr'>Canonici</span> <span class='ocrx_word' id='word_1_322' title='bbox 517 3715 568 3795; x_wconf 89' lang='lat' dir='ltr'>est</span> <span class='ocrx_word' id='word_1_323' title='bbox 589 3741 761 3812; x_wconf 83' lang='lat' dir='ltr'>certum,</span> <span class='ocrx_word' id='word_1_324' title='bbox 798 3744 885 3794; x_wconf 87' lang='lat' dir='ltr'>nam</span> <span class='ocrx_word' id='word_1_325' title='bbox 908 3717 1002 3794; x_wconf 89' lang='lat' dir='ltr'>Can.</span> <span class='ocrx_word' id='word_1_326' title='bbox 1023 3722 1115 3794; x_wconf 75' lang='lat' dir='ltr'>Cum</span> <span class='ocrx_word' id='word_1_327' title='bbox 1137 3721 1251 3792; x_wconf 74' lang='lat' dir='ltr'>multa</span> <span class='ocrx_word' id='word_1_328' title='bbox 1280 3740 1336 3812; x_wconf 85' lang='lat'>15.</span> <span class='ocrx_word' id='word_1_329' title='bbox 1372 3744 1406 3815; x_wconf 88' lang='lat' dir='ltr'>q.</span> <span class='ocrx_word' id='word_1_330' title='bbox 1431 3713 1469 3792; x_wconf 86' lang='lat'>8.</span> <span class='ocrx_word' id='word_1_331' title='bbox 1495 3717 1571 3792; x_wconf 88' lang='lat' dir='ltr'>nati</span> <span class='ocrx_word' id='word_1_332' title='bbox 1595 3741 1648 3793; x_wconf 86' lang='lat' dir='ltr'>ex</span> <span class='ocrx_word' id='word_1_333' title='bbox 1671 3715 1726 3794; x_wconf 84' lang='lat' dir='ltr'>sa·</span> 
     </span>
     <span class='ocr_line' id='line_1_34' title="bbox 197 3813 1728 3918; baseline -0.001 -24"><span class='ocrx_word' id='word_1_334' title='bbox 197 3822 329 3918; x_wconf 85' lang='lat' dir='ltr'>crilego</span> <span class='ocrx_word' id='word_1_335' title='bbox 355 3821 534 3896; x_wconf 92' lang='lat' dir='ltr'>connubio</span> <span class='ocrx_word' id='word_1_336' title='bbox 555 3822 764 3896; x_wconf 81' lang='lat' dir='ltr'>clericorum</span> <span class='ocrx_word' id='word_1_337' title='bbox 790 3821 828 3896; x_wconf 92' lang='lat' dir='ltr'>in</span> <span class='ocrx_word' id='word_1_338' title='bbox 852 3818 956 3894; x_wconf 84' lang='lat' dir='ltr'>sacris</span> <span class='ocrx_word' id='word_1_339' title='bbox 979 3819 1142 3894; x_wconf 87' lang='lat' dir='ltr'>libertate</span> <span class='ocrx_word' id='word_1_340' title='bbox 1167 3819 1382 3917; x_wconf 88' lang='lat' dir='ltr'>privantur,</span> <span class='ocrx_word' id='word_1_341' title='bbox 1419 3813 1487 3892; x_wconf 70' lang='lat' dir='ltr'>save</span> <span class='ocrx_word' id='word_1_342' title='bbox 1511 3818 1549 3892; x_wconf 94' lang='lat' dir='ltr'>in</span> <span class='ocrx_word' id='word_1_343' title='bbox 1582 3842 1728 3915; x_wconf 82' lang='lat' dir='ltr'>ptenarn</span> 
     </span>
     <span class='ocr_line' id='line_1_35' title="bbox 221 3917 1723 4020; baseline 0 -24"><span class='ocrx_word' id='word_1_344' title='bbox 221 3924 336 3996; x_wconf 80' lang='lat' dir='ltr'>aterni</span> <span class='ocrx_word' id='word_1_345' title='bbox 362 3921 478 3998; x_wconf 79' lang='lat' dir='ltr'>delilli</span> <span class='ocrx_word' id='word_1_346' title='bbox 504 3920 573 3997; x_wconf 79' lang='lat' dir='ltr'>sive</span> <span class='ocrx_word' id='word_1_347' title='bbox 599 3922 639 3996; x_wconf 90' lang='lat' dir='ltr'>in</span> <span class='ocrx_word' id='word_1_348' title='bbox 664 3923 888 4020; x_wconf 85' lang='lat' dir='ltr'>exemplum.</span> <span class='ocrx_word' id='word_1_349' title='bbox 914 3921 1000 3996; x_wconf 87' lang='lat' dir='ltr'>Non</span> <span class='ocrx_word' id='word_1_350' title='bbox 1025 3918 1163 4018; x_wconf 67' lang='lat' dir='ltr'>precise</span> <span class='ocrx_word' id='word_1_351' title='bbox 1186 3919 1265 3994; x_wconf 88' lang='lat' dir='ltr'>nati</span> <span class='ocrx_word' id='word_1_352' title='bbox 1289 3941 1333 3992; x_wconf 87' lang='lat' dir='ltr'>ex</span> <span class='ocrx_word' id='word_1_353' title='bbox 1359 3917 1512 4010; x_wconf 88' lang='lat' dir='ltr'>clerico,</span> <span class='ocrx_word' id='word_1_354' title='bbox 1549 3936 1592 3992; x_wconf 92' lang='lat' dir='ltr'>ut</span> <span class='ocrx_word' id='word_1_355' title='bbox 1614 3919 1723 3997; x_wconf 88' lang='lat' dir='ltr'>habet</span> 
     </span>
     <span class='ocr_line' id='line_1_36' title="bbox 243 4016 1726 4120; baseline 0.001 -25"><span class='ocrx_word' id='word_1_356' title='bbox 243 4021 406 4097; x_wconf 79' lang='lat' dir='ltr'>.Florez</span> <span class='ocrx_word' id='word_1_357' title='bbox 436 4022 712 4120; x_wconf 80' lang='lat' dir='ltr'>Augustinianus</span> <span class='ocrx_word' id='word_1_358' title='bbox 764 4028 828 4112; x_wconf 74' lang='lat' dir='ltr'>e),</span> <span class='ocrx_word' id='word_1_359' title='bbox 852 4046 930 4095; x_wconf 91' lang='lat' dir='ltr'>non</span> <span class='ocrx_word' id='word_1_360' title='bbox 953 4045 997 4096; x_wconf 86' lang='lat' dir='ltr'>ex</span> <span class='ocrx_word' id='word_1_361' title='bbox 1022 4023 1156 4096; x_wconf 89' lang='lat' dir='ltr'>clericis</span> <span class='ocrx_word' id='word_1_362' title='bbox 1180 4016 1512 4114; x_wconf 71' lang='lat' dir='ltr'>incontinentibus,</span> <span class='ocrx_word' id='word_1_363' title='bbox 1550 4037 1592 4093; x_wconf 93' lang='lat' dir='ltr'>ut</span> <span class='ocrx_word' id='word_1_364' title='bbox 1617 4018 1726 4096; x_wconf 87' lang='lat' dir='ltr'>habet</span> 
     </span>
     <span class='ocr_line' id='line_1_37' title="bbox 192 4115 1724 4219; baseline -0.001 -21"><span class='ocrx_word' id='word_1_365' title='bbox 192 4121 340 4198; x_wconf 85' lang='lat' dir='ltr'>Natalis</span> <span class='ocrx_word' id='word_1_366' title='bbox 367 4124 575 4198; x_wconf 83' lang='lat' dir='ltr'>Alexander</span> <span class='ocrx_word' id='word_1_367' title='bbox 600 4123 690 4219; x_wconf 83' lang='lat' dir='ltr'>(f);</span> <span class='ocrx_word' id='word_1_368' title='bbox 716 4121 774 4199; x_wconf 91' lang='lat' dir='ltr'>sed</span> <span class='ocrx_word' id='word_1_369' title='bbox 800 4125 876 4198; x_wconf 88' lang='lat' dir='ltr'>nati</span> <span class='ocrx_word' id='word_1_370' title='bbox 912 4147 955 4199; x_wconf 83' lang='lat' dir='ltr'>ex</span> <span class='ocrx_word' id='word_1_371' title='bbox 981 4123 1115 4198; x_wconf 88' lang='lat' dir='ltr'>clericis</span> <span class='ocrx_word' id='word_1_372' title='bbox 1140 4119 1331 4210; x_wconf 87' lang='lat' dir='ltr'>majoribus</span> <span class='ocrx_word' id='word_1_373' title='bbox 1363 4115 1523 4195; x_wconf 33' lang='lat' dir='ltr'>nefario,</span> <span class='ocrx_word' id='word_1_374' title='bbox 1539 4122 1724 4196; x_wconf 81' lang='lat' dir='ltr'>matrimo</span> 
     </span>
     <span class='ocr_line' id='line_1_38' title="bbox 191 4208 1725 4320; baseline 0.001 -22"><span class='ocrx_word' id='word_1_375' title='bbox 191 4223 288 4315; x_wconf 84' lang='lat' dir='ltr'>nio,</span> <span class='ocrx_word' id='word_1_376' title='bbox 308 4222 370 4300; x_wconf 80' lang='lat' dir='ltr'>seu</span> <span class='ocrx_word' id='word_1_377' title='bbox 393 4225 573 4300; x_wconf 88' lang='lat' dir='ltr'>connubio</span> <span class='ocrx_word' id='word_1_378' title='bbox 597 4227 816 4320; x_wconf 82' lang='lat' dir='ltr'>coniugatis,</span> <span class='ocrx_word' id='word_1_379' title='bbox 841 4246 882 4301; x_wconf 92' lang='lat' dir='ltr'>ut</span> <span class='ocrx_word' id='word_1_380' title='bbox 906 4222 1014 4300; x_wconf 88' lang='lat' dir='ltr'>habet</span> <span class='ocrx_word' id='word_1_381' title='bbox 1040 4243 1155 4299; x_wconf 81' lang='lat' dir='ltr'>textus</span> <span class='ocrx_word' id='word_1_382' title='bbox 1166 4219 1328 4298; x_wconf 84' lang='lat' dir='ltr'>Concilii</span> <span class='ocrx_word' id='word_1_383' title='bbox 1349 4220 1522 4298; x_wconf 84' lang='lat' dir='ltr'>Toletani</span> <span class='ocrx_word' id='word_1_384' title='bbox 1532 4208 1725 4300; x_wconf 61' lang='lat' dir='ltr'>ixfcao.</span> 
     </span>
     <span class='ocr_line' id='line_1_39' title="bbox 192 4321 1727 4426; baseline 0.002 -27"><span class='ocrx_word' id='word_1_385' title='bbox 192 4322 293 4399; x_wconf 78' lang='lat' dir='ltr'>uncle</span> <span class='ocrx_word' id='word_1_386' title='bbox 326 4324 483 4426; x_wconf 85' lang='lat' dir='ltr'>sumptus</span> <span class='ocrx_word' id='word_1_387' title='bbox 505 4324 554 4402; x_wconf 93' lang='lat' dir='ltr'>est</span> <span class='ocrx_word' id='word_1_388' title='bbox 578 4322 670 4423; x_wconf 88' lang='lat' dir='ltr'>Juris</span> <span class='ocrx_word' id='word_1_389' title='bbox 704 4324 881 4402; x_wconf 87' lang='lat' dir='ltr'>Canonici</span> <span class='ocrx_word' id='word_1_390' title='bbox 906 4327 1003 4402; x_wconf 91' lang='lat' dir='ltr'>locus</span> <span class='ocrx_word' id='word_1_391' title='bbox 1040 4327 1191 4402; x_wconf 87' lang='lat' dir='ltr'>citatus.</span> <span class='ocrx_word' id='word_1_392' title='bbox 1228 4321 1276 4398; x_wconf 90' lang='lat' dir='ltr'>Et</span> <span class='ocrx_word' id='word_1_393' title='bbox 1302 4325 1340 4399; x_wconf 91' lang='lat' dir='ltr'>in</span> <span class='ocrx_word' id='word_1_394' title='bbox 1363 4345 1512 4421; x_wconf 88' lang='lat' dir='ltr'>utroque</span> <span class='ocrx_word' id='word_1_395' title='bbox 1535 4323 1610 4412; x_wconf 88' lang='lat' dir='ltr'>iure</span> <span class='ocrx_word' id='word_1_396' title='bbox 1644 4322 1727 4402; x_wconf 90' lang='lat' dir='ltr'>sunt</span> 
     </span>
     <span class='ocr_line' id='line_1_40' title="bbox 191 4422 1724 4544; baseline 0 -42"><span class='ocrx_word' id='word_1_397' title='bbox 191 4424 348 4521; x_wconf 66' lang='lat' dir='ltr'>delicia,</span> <span class='ocrx_word' id='word_1_398' title='bbox 375 4453 452 4527; x_wconf 75' lang='lat' dir='ltr'>que</span> <span class='ocrx_word' id='word_1_399' title='bbox 475 4447 644 4506; x_wconf 85' lang='lat' dir='ltr'>natorum</span> <span class='ocrx_word' id='word_1_400' title='bbox 666 4424 818 4505; x_wconf 84' lang='lat' dir='ltr'>infamia</span> <span class='ocrx_word' id='word_1_401' title='bbox 844 4429 1056 4526; x_wconf 87' lang='lat' dir='ltr'>puniuntur.</span> <span class='ocrx_word' id='word_1_402' title='bbox 1083 4424 1282 4526; x_wconf 75' lang='lat' dir='ltr'>Quomodo</span> <span class='ocrx_word' id='word_1_403' title='bbox 1308 4422 1393 4503; x_wconf 85' lang='lat' dir='ltr'>verb</span> <span class='ocrx_word' id='word_1_404' title='bbox 1426 4427 1619 4501; x_wconf 87' lang='lat' dir='ltr'>conveniat</span> <span class='ocrx_word' id='word_1_405' title='bbox 1648 4424 1724 4544; x_wconf 75' lang='lat' dir='ltr'>boc</span> 
     </span>
     <span class='ocr_line' id='line_1_41' title="bbox 1568 4551 1672 4626; baseline 0 0"><span class='ocrx_word' id='word_1_406' title='bbox 1568 4551 1672 4626; x_wconf 59' lang='lat' dir='ltr'>illul·</span> 
     </span>
    </p>
   </div>
   <div class='ocr_carea' id='block_1_5' title="bbox 770 4685 1725 4714">
    <p class='ocr_par' dir='ltr' id='par_1_6' title="bbox 770 4685 1725 4714">
     <span class='ocr_line' id='line_1_42' title="bbox 770 4685 1725 4714; baseline -0.006 -2"><span class='ocrx_word' id='word_1_407' title='bbox 770 4685 1725 4714; x_wconf 48' lang='lat' dir='ltr'>-m-um—fflu</span> 
     </span>
    </p>
   </div>
   <div class='ocr_carea' id='block_1_6' title="bbox 987 4901 1727 5121">
    <p class='ocr_par' dir='ltr' id='par_1_7' title="bbox 987 4901 1727 5121">
     <span class='ocr_line' id='line_1_43' title="bbox 987 4901 1727 5044; baseline -0.027 2"><span class='ocrx_word' id='word_1_408' title='bbox 987 4916 1007 4954; x_wconf 51' lang='lat' dir='ltr'><em>a</em></span> <span class='ocrx_word' id='word_1_409' title='bbox 1026 4901 1181 5044; x_wconf 46' lang='grc' dir='ltr'>8ῗέἱῖνῖ</span> <span class='ocrx_word' id='word_1_410' title='bbox 1199 4972 1267 5044; x_wconf 79' lang='lat' dir='ltr'>Esp·</span> <span class='ocrx_word' id='word_1_411' title='bbox 1284 4975 1366 5042; x_wconf 75' lang='lat' dir='ltr'>Sagr-</span> <span class='ocrx_word' id='word_1_412' title='bbox 1386 4986 1450 5030; x_wconf 75' lang='lat' dir='ltr'>tm·</span> <span class='ocrx_word' id='word_1_413' title='bbox 1469 4979 1500 5027; x_wconf 80' lang='lat'>6·</span> <span class='ocrx_word' id='word_1_414' title='bbox 1517 4979 1658 5036; x_wconf 61' lang='lat' dir='ltr'>trs-cap.</span> <span class='ocrx_word' id='word_1_415' title='bbox 1680 4987 1727 5026; x_wconf 85' lang='grc' dir='ltr'>ιι.</span> 
     </span>
     <span class='ocr_line' id='line_1_44' title="bbox 1024 5047 1718 5121; baseline -0.016 -12"><span class='ocrx_word' id='word_1_416' title='bbox 1024 5047 1078 5121; x_wconf 83' lang='lat' dir='ltr'>(i)</span> <span class='ocrx_word' id='word_1_417' title='bbox 1097 5054 1136 5110; x_wconf 77' lang='lat' dir='ltr'>N·</span> <span class='ocrx_word' id='word_1_418' title='bbox 1154 5050 1248 5110; x_wconf 72' lang='lat' dir='ltr'>Alex.</span> <span class='ocrx_word' id='word_1_419' title='bbox 1266 5052 1332 5111; x_wconf 73' lang='lat' dir='ltr'>Sec·</span> <span class='ocrx_word' id='word_1_420' title='bbox 1351 5048 1430 5106; x_wconf 77' lang='lat' dir='ltr'>Vm.</span> <span class='ocrx_word' id='word_1_421' title='bbox 1450 5063 1511 5113; x_wconf 70' lang='lat' dir='ltr'>cap·</span> <span class='ocrx_word' id='word_1_422' title='bbox 1532 5068 1560 5115; x_wconf 76' lang='grc' dir='ltr'>ι.</span> <span class='ocrx_word' id='word_1_423' title='bbox 1579 5059 1638 5107; x_wconf 74' lang='lat' dir='ltr'>arr·</span> <span class='ocrx_word' id='word_1_424' title='bbox 1649 5047 1686 5104; x_wconf 78' lang='grc' dir='ltr'>Χ.</span> <span class='ocrx_word' id='word_1_425' title='bbox 1712 5072 1718 5098; x_wconf 82' lang='lat' dir='ltr'>t</span> 
     </span>
    </p>
   </div>
   <div class='ocr_carea' id='block_1_7' title="bbox 0 0 1939 5686">
    <p class='ocr_par' dir='ltr' id='par_1_8' title="bbox 0 0 1939 5686">
     <span class='ocr_line' id='line_1_45' title="bbox 0 0 1939 5686; baseline 0 0"><span class='ocrx_word' id='word_1_426' title='bbox 0 0 1939 5686; x_wconf 95' lang='lat' dir='ltr'> </span> 
     </span>
    </p>
   </div>
  </div>
 </body>
</html>
