3856 5678
532 335 1036 417 Arosrotrca.
1093 363 1202 438 ιςοο.
1256 349 1366 439 ¹5⁶3·
1601 337 1669 439 185

187 478 295 557 nanu
321 476 434 553 Indici
461 479 707 576 permissione,
734 483 869 555 litteras
893 473 1116 558 Nuntiorutn
1141 506 1202 578 per
1228 480 1349 555 indias
1374 479 1554 571 obtinere,
1574 476 1730 581 supponi.

186 581 328 656 ridetur
354 580 393 653 in
426 575 511 675 Jure
539 580 664 657 Indico
701 588 773 673 (a)
801 583 1050 658 ubidicitur:
1086 587 1162 760 Q
1198 585 1252 657 los
1278 580 1490 680 Arzobispos
1524 607 1546 675 y
1583 583 1722 684 obispos

191 681 311 780 hagan
339 707 407 779 que
433 677 467 757 se
505 687 647 774 recojan
672 687 726 759 los
752 683 870 760 breves
976 685 1099 760 delos
1162 685 1284 759 uncios
1311 683 1532 781 Apostolicos
1559 735 1569 754 .
1599 739 1608 757 .
1638 739 1648 755 .
1674 712 1724 762 no

191 783 371 859 haviendo
397 780 537 878 passado
563 785 768 883 pornuestro
790 784 946 875 Consejo
971 780 1093 861 de'las
1119 787 1253 860 indias.
1281 785 1339 860 ΙΙΙ,
1370 787 1558 860 Villarroel
1584 785 1635 886 (b)
1670 790 1723 862 in·

187 887 286 985 quit:
313 893 453 981 Annqne
479 911 515 960 es
541 890 668 963 verdad
694 911 760 986 que
785 889 838 963 los
864 891 1054 964 mandatos
1079 891 1122 963 de
1147 890 1204 962 los
1224 888 1379 963 seriores
1404 887 1564 962 Nuncios
1586 884 1723 964 no'cor·

191 1012 251 1062 ren
275 1011 321 1062 en
346 989 398 1061 las
424 986 545 1061 Indias
558 988 983 1088 potespecialconcordia
1007 1010 1106 1065 entre
1118 991 1151 1062 el
1176 991 1327 1066 Summo
1353 986 1721 1084 PontificeySuMa-

191 1087 328 1269 palad,
354 1089 459 1164 recibi
486 1087 525 1164 su
552 1091 633 1167 bula
660 1100 771 1188 (pata
800 1113 917 1166 tomas
938 1096 1159 1189 compatiero
1185 1093 1230 1165 de
1254 1095 1288 1167 la
1315 1090 1490 1183 Orden),
1519 1089 1651 1190 perque
1675 1119 1724 1165 no

246 1210 396 1265 exacuto
420 1214 466 1264 en
491 1193 544 1264 las
570 1191 712 1283 lndias,
739 1191 815 1267 srno
840 1218 885 1268 en
911 1192 1066 1290 apaan.
1093 1194 1141 1268 Et
1168 1219 1243 1267 non
1271 1195 1341 1268 alia
1363 1190 1459 1268 forts
1495 1196 1635 1269 ratione
1670 1196 1724 1268 ni-

195 1293 279 1369 titur
301 1292 604 1387 indulgentiarum
628 1292 803 1368 concelsro
829 1319 888 1391 per
924 1297 1103 1371 Nuntium
1138 1297 1331 1392 aliquando
1366 1291 1457 1371 fata
1494 1296 1723 1372 recitantibus

199 1417 315 1475 eoram
339 1390 444 1467 sacris
470 1394 629 1468 iconibus
656 1396 702 1470 ad
728 1395 931 1471 Americam
959 1398 1108 1471 advectis
1128 1421 1179 1469 ex
1203 1395 1398 1496 Hispania.
1719 1462 1722 1467 ⁴
1848 1483 1854 1497 ι

177 1568 182 1575 ,
218 1502 318 1584 tlt)
345 1494 641 1586 Prndicataribns,
668 1497 864 1588 Minoritis,
892 1504 928 1574 dc
951 1496 1221 1597 Augustinianis.
1248 1497 1391 1574 Ctmstis
1417 1497 1725 1575 videlicetordini-

200 1594 275 1687 bus,
300 1597 361 1696 qui
388 1595 506 1670 sedem
532 1621 591 1694 per
611 1597 652 1670 -id
679 1620 815 1692 tempus
836 1599 1017 1675 habebant
1045 1602 1080 1674 in
1107 1599 1213 1676 Nova
1240 1598 1436 1696 Hispania,
1461 1623 1587 1698 nempe
1599 1592 1734 1675 Mino-⁸

203 1720 272 1775 nun
298 1695 448 1795 ingresso
480 1721 586 1795 ¹524·
623 1696 902 1775 praedicatorum
929 1725 1025 1776 anno
1057 1708 1188 1798 1526.‚
1214 1706 1250 1778 de
1274 1700 1310 1776 S.
1350 1698 1536 1796 Angttstini
1572 1721 1723 1799 15.33·t

205 1823 277 1875 nam
302 1802 426 1896 reliqui
453 1801 514 1874 diu
541 1796 616 1898 post
642 1799 779 1899 ingreffi
804 1821 845 1876 ut
870 1799 988 1877 sedem
1012 1801 1181 1898 figerent,
1208 1802 1269 1878 De
1295 1801 1449 1899 ingressis
1474 1801 1550 1899 post
1574 1802 1728 1901 prasen-

205 1901 240 1977 tis
262 1899 492 1975 concessionis
517 1899 692 1998 epocham
717 1901 928 1978 dubitaverit
954 1906 1052 2002 quis,
1079 1929 1127 1977 an
1152 1905 1362 2002 participent
1388 1904 1570 2002 privilegia
1598 1905 1725 2001 priori-
1804 1913 1810 1919 ”

204 1999 254 2076 bus
277 1999 462 2076 concessa.
488 2001 561 2076 Sed
587 2002 734 2078 dubium
760 2004 808 2077 est
835 2005 950 2097 idem,
978 2027 1083 2105 atque
1107 2003 1349 2082 resolvendum
1375 2031 1460 2079 mox
1470 2006 1605 2079 Adnoc
1626 2005 1721 2098 IV„
1803 1997 1807 2006 ’

207 2098 323 2181 Unum
350 2104 534 2201 privilegia
559 2103 670 2180 Novae
697 2105 874 2203 Hispanias
897 2107 1113 2204 regularibus
1149 2105 1309 2182 concessa
1335 2103 1478 2181 faveant
1515 2106 1725 2181 Peruanisa

209 2227 276 2283 narn
308 2204 453 2302 perinde
489 2203 539 2281 est
572 2206 763 2283 extendis
802 2229 960 2303 ternpore
995 2211 1040 2283 ad
1077 2229 1214 2306 tempus
1251 2227 1356 2308 atque
1387 2208 1435 2282 de
1473 2209 1557 2285 loco
1592 2208 1639 2283 ad
1665 2210 1722 2283 lo-
1779 2255 1782 2258 ⁴

211 2317 310 2381 tunt-¹

244 2413 337 2498 (tn)
375 2415 413 2482 A
436 2405 598 2502 censuris.
625 2406 725 2508 Qas
753 2414 909 2488 incurrat
934 2413 1096 2489 censuras
1132 2412 1177 2487 ab
1214 2413 1477 2511 irregularitate
1511 2410 1685 2496 distindas
1704 2465 1724 2504 ,

208 2511 250 2583 rel
269 2511 445 2586 incurrere
483 2515 637 2607 potuerit
676 2516 713 2588 in
738 2513 838 2589 bello
865 2515 985 2590 indico
1020 2518 1144 2606 miles,
1170 2528 1213 2591 nt·
1237 2540 1323 2612 opus
1359 2511 1466 2589 fuerit
1502 2514 1725 2589 authoritate

211 2605 317 2709 legari
343 2614 390 2687 ad
417 2610 665 2690 absolvendum
691 2641 766 2691 non
791 2617 915 2714 capi03
942 2616 1008 2691 nist
1035 2615 1128 2692 sorte
1153 2617 1561 2692 excommunicationem
1586 2640 1629 2689 ex
1656 2618 1727 2689 cle-

211 2712 277 2806 rici,
300 2714 356 2788 vel
382 2713 550 2789 monachi
577 2716 812 2813 perculsione,
838 2721 882 2792 de
906 2744 977 2814 qua
1003 2720 1108 2795 docet
1133 2717 1403 2816 Castropalaua,
1430 2714 1721 2815 quoddquacnm·

210 2838 250 2906 pte
266 2814 483 2913 perculsione
510 2816 684 2894 absolvere
711 2818 846 2916 potest,
874 2821 1013 2895 tamin
1038 2818 1119 2896 soro
1145 2818 1387 2914 conscientia,
1415 2845 1525 2918 quam
1542 2842 1727 2909 externo,

209 2936 311 3009 prater
333 2917 524 2992 Summum
549 2917 760 2996 Pontificem
786 2919 987 3017 Legatusai
1014 2923 1123 2998 latere
1147 2920 1352 3096 iuxJ'Cap.
1378 2923 1435 2995 Ad
1474 2921 1727 3010 eminentiam,

209 3018 248 3089 Dr
266 3024 358 3093 Sent.
384 3044 567 3111 excomm,
595 3041 670 3097 tam
695 3049 755 3098 eos
780 3024 839 3120 qui
857 3021 944 3097 sunt
969 3023 1013 3096 de
1039 3023 1195 3119 provinci
1246 3026 1426 3120 adquam
1450 3020 1726 3098 destinaturlnc-

211 3137 315 3214 gttus,
341 3146 451 3218 quarn
475 3120 610 3218 quosvis
638 3126 726 3199 alios
753 3127 799 3198 ad
826 3123 938 3220 ipsum
977 3123 1270 3199 concurrentes&
1304 3126 1361 3199 die
1390 3148 1469 3220 quo
1498 3123 1613 3199 Curia
1651 3123 1729 3197 Ro-

209 3240 299 3300 mana
324 3223 503 3317 egreditur
527 3223 632 3322 usque
667 3227 715 3300 ad
741 3227 835 3299 diem
861 3250 933 3322 quo
960 3224 1072 3323 ipsam
1105 3226 1300 3321 regrediens
1335 3223 1554 3319 ingreditur,
1590 3224 1643 3295 uti
1681 3246 1725 3296 ex

210 3325 379 3409 communi
404 3325 510 3398 docet
537 3324 682 3418 Glossa,
710 3332 746 3404 dt
772 3325 1046 3401 Panormi-tanus
1072 3328 1114 3400 in
1140 3324 1230 3422 Cap.
1257 3325 1562 3416 excommunicati,
1580 3327 1639 3405 De
1674 3323 1729 3410 affl

211 3422 500 3523 legati..Verum
529 3426 682 3523 Legatus
719 3429 959 3524 Nuntiusqui
995 3431 1016 3501 a
1047 3430 1168 3502 latere
1195 3425 1368 3518 nonest,
1405 3423 1582 3501 absolvere
1621 3422 1732 3522 potest

210 3529 340 3705 ppsqui
367 3526 447 3603 sunt
473 3528 517 3602 de
543 3527 611 3602 suae
636 3531 813 3627 provincia
838 3530 1050 3626 legationis,
1078 3535 1113 3606 dt
1137 3531 1225 3603 dum
1250 3530 1288 3603 in
1313 3552 1355 3605 ea
1382 3528 1564 3626 provincia
1584 3523 1729 3617 exiliit,

257 3655 318 3704 non
344 3631 446 3704 alios.

298 3729 347 3804 ln
371 3731 465 3806 bello
491 3729 676 3824 Peruano,
703 3735 798 3831 quod
821 3733 941 3828 paucis
979 3751 1063 3807 ante
1090 3732 1190 3807 annis
1215 3727 1386 3828 gesserant
1420 3728 1568 3828 Hispani
1600 3744 1734 3804 contra

208 3820 399 3931 Hispanos,
427 3833 534 3911 refert
563 3833 764 3909 franciscus
790 3833 908 3932 Lopez
932 3834 977 3908 de
1001 3830 1163 3910 Gomara
1185 3836 1261 3922 ejus
1281 3833 1466 3927 ,tempor-is
1489 3830 1619 3906 author
1634 3836 1654 3918 .(
1666 3837 1733 3920 cl,

204 3933 365 4020 militasse
392 3961 475 4010 cum
500 3935 579 4017 Lic„
607 3935 723 4011 Gasca
752 3936 964 4034 Episcopos,
991 3936 1160 4024 clericos,
1186 3938 1223 4009 dt
1241 3932 1473 4007 monachos.
1509 3927 1646 4025 Qiodsr
1678 3953 1734 4004 ve·

205 4056 282 4112 rum
308 4035 383 4126 est,
410 4038 526 4134 potuit
553 4041 573 4110 a
599 4038 793 4129 militibus,
818 4061 971 4134 quorum
996 4036 1101 4109 multi
1128 4036 1290 4130 deinceps
1303 4034 1348 4107 ad
1358 4033 1503 4108 Novam
1521 4030 1734 4128 Hispaniam

202 4135 439 4230 tratfflerunt,
465 4141 562 4213 dina
589 4138 980 4215 Excommunitarionis
1007 4138 1137 4210 incurri
1164 4157 1306 4233 poena,
1343 4139 1396 4209 vel
1423 4131 1514 4207 iliius
1535 4135 1648 4208 timor
1674 4157 1733 4207 au·

202 4237 380 4314 thotitate
405 4239 535 4337 Legati
561 4237 836 4330 sanandus,ael
865 4235 1084 4313 absolutione
1110 4240 1182 4328 ejus
1207 4239 1354 4311 nornine
1380 4233 1557 4333 impensa.
1584 4233 1644 4310 De
1670 4258 1734 4308 cae·
1764 4222 1778 4250 ⁸

199 4356 280 4415 tero
306 4341 632 4417 excommunicatio
658 4345 732 4416 lata
761 4341 804 4415 ab
830 4341 1030 4415 Alexandro
1056 4338 1121 4412 Vl.
1151 4338 1308 4414 adversus
1327 4340 1537 4435 navigantes
1560 4338 1599 4412 in
1625 4337 1733 4411 Arne·

196 4444 342 4532 ticam,
368 4445 539 4520 mercium
569 4466 628 4518 aut
654 4442 735 4517 belli
763 4441 892 4534 causa,
914 4439 992 4516 stne
1018 4443 1160 4516 licentia
1188 4441 1316 4538 Regis,
1340 4441 1502 4537 quamvis
1528 4460 1612 4514 tunc
1648 4434 1733 4513 eliet

197 4539 380 4628 inviridi,
402 4571 479 4618 non
502 4566 582 4620 erat
609 4544 808 4634 reservata,
834 4549 870 4619 dt
895 4544 1219 4617 excommunicatio
1245 4546 1319 4614 lata
1346 4540 1590 4615 aNicolaoV,
1613 4540 1733 4612 adver·

195 4640 256 4719 sus
280 4649 492 4742 navigantes
529 4671 590 4743 per
609 4670 713 4722 -mare
734 4643 932 4720 'lustranicae
956 4644 1257 4732 demarcationis,
1288 4639 1318 4714 fi
1342 4630 1504 4738 deinceps
1538 4638 1736 4813 suerirsex·

1587 4760 1683 4813 rena

211 5042 215 5049 ,
245 4982 796 5053 (a)Lib-1.tit.n.l.55.llecop.1nd.
834 4982 1407 5055 (b)Villarrael,q.a.art.5.nnn.aa.
1448 4975 1737 5048 (cidamaradlipt.

206 5057 241 5115 de
257 5060 302 5119 lea
317 5060 388 5117 rna.
403 5080 431 5118 c.
456 5078 519 5127 ης.
1120 5134 1191 5211 A,
