3856 5678
390 119 461 175 ιη
818 91 1396 200 ΟιιυιΝΑτιοΝρε

340 259 385 312 ve
409 230 582 325 Pianuin,
608 229 748 332 dequo
773 231 811 307 in
837 231 1016 331 prasenti,
1041 252 1164 309 extare
1188 234 1226 308 in
1252 233 1411 309 archivio
1436 230 1879 334 Ecclefiae-Metropolita-

340 361 395 414 nte
419 331 614 438 Limcnsis.
639 332 698 409 Sic
724 335 807 411 licet
822 339 865 411 -ὲ
889 336 991 421 Sixto
1019 337 1061 409 V.
1098 335 1306 411 ordinatum
1333 333 1375 409 fit
1402 332 1652 434 pro'omnibus
1688 337 1876 436 Episcopis

335 436 603 532 transmarinis,
628 446 740 534 quoto
768 458 925 537 tempore
950 438 1099 514 debeant
1126 436 1378 534 Apostolorum
1405 435 1544 513 visitare
1570 441 1717 531 limina,
1743 442 1875 516 eadem

340 539 522 617 ordinatio
547 540 584 616 in
610 541 838 638 promotione
861 537 1081 637 singuloriun
1106 562 1166 639 per
1192 541 1366 638 peculiare
1392 541 1549 638 diploma
1576 545 1785 619 reiteratur.

749 739 1336 819 ORDINATIO
1415 741 1483 818 ,G

776 889 778 893 ¹
879 843 987 921 Anno
1018 849 1215 942 1562.1i.
1241 843 1336 942 Aug.

317 1042 320 1049 ’
383 1047 478 1125 Derai
505 1044 669 1124 Pontifex
695 1044 860 1121 concessit
885 1044 1048 1122 omninus
1073 1044 1233 1123 fidelinus
1259 1045 1354 1120 Indis
1381 1045 1563 1121 indiarum
1590 1049 1870 1125 occidentalium

406 1152 453 1226 ed
477 1149 766 1252 supplicationem
801 1147 953 1247 Philippi
979 1147 1118 1240 11.,ut
1144 1149 1475 1245 cumindulgentiae
1501 1152 1663 1245 plenarie
1698 1171 1762 1226 aut
1798 1176 1876 1228 non

302 1257 306 1265 '
336 1251 498 1347 plenariae
527 1282 546 1324 a
571 1251 659 1328 Sede
693 1247 897 1346 Apostolica
936 1249 1182 1348 publicantur,
1209 1275 1273 1345 pro
1312 1251 1436 1346 quibus
1462 1251 1657 1341 ieiunium,
1695 1249 1870 1328 consessio

335 1356 372 1430 ἃ
398 1353 604 1427 communio
629 1349 757 1426 debent
783 1350 999 1448 praecedere,
1027 1349 1054 1423 fi
1080 1371 1162 1423 ante
1191 1371 1328 1446 tempus
1355 1352 1401 1423 ad
1426 1352 1726 1447 indulgentiarum
1751 1355 1876 1428 eonse-

336 1456 518 1537 cutionein
544 1453 715 1529 statutum
740 1474 888 1549 peccata
912 1450 973 1526 sua
999 1453 1188 1525 commode
1216 1457 1282 1542 (s)
1310 1448 1470 1524 confiteri
1496 1453 1738 1548 nequiverint,
1773 1455 1798 1529 d

334 1557 445 1631 modo
471 1554 578 1630 corde
604 1553 748 1628 contriti
774 1553 868 1644 sint,
894 1559 929 1629 δι
954 1550 1191 1628 confiteantur
1216 1551 1666 1647 cumprimumconfitendi
1693 1576 1870 1652 opportu-

336 1657 488 1731 nitatem
523 1654 808 1746 nanciscentur,
842 1657 897 1728 uel
925 1655 1068 1757 'saltem
1109 1655 1201 1729 inira
1248 1651 1402 1727 mensem
1438 1708 1449 1743 ,
1484 1650 1576 1728 laesa
1607 1657 1741 1753 “quoad
1790 1657 1863 1748 jeju

336 1761 440 1834 nium
466 1761 546 1846 (is)
572 1753 688 1831 debita
713 1754 917 1852 diligentia,
951 1757 1127 1851 pradinas
1151 1755 1389 1852 indulgentias
1426 1756 1536 1830 eiiani
1561 1757 1733 1851 plenarias
1778 1763 1850 1848 (111
1900 1799 1928 1832 ‹-

337 1857 594 1956 consequantui
625 1911 640 1949 ,
680 1855 824 1956 perinde
846 1882 904 1955 'ac
939 1855 967 1931 fi
1004 1854 1233 1930 consessionis
1273 1862 1310 1934 dt
1352 1857 1614 1931 communionis
1651 1856 1864 1934 sacramen
1925 1905 1928 1928 2

333 1956 588 2055 suscepissent,
625 1982 702 2031 non
738 1955 951 2033 obstantibus
988 1957 1249 2049 conditionibus
1287 1956 1461 2054 praemissis
1507 1961 1546 2032 in
1592 1959 1836 2034 concessionis>
1866 1997 1928 2026 ·-

336 2060 641 2155 indulgentiarun
663 2057 843 2146 ,eiusmodi
881 2081 940 2153 per
973 2057 1228 2156 predecessores
1265 2055 1464 2156 appofiiis,
1500 2085 1541 2133 ac
1579 2081 1640 2157 per
1663 2058 1881 2136 successor

305 2203 309 2210 ·
339 2161 590 2261 apponendis..
627 2156 686 2237 Ita
724 2158 762 2233 P.
797 2159 996 2233 Avendaiio
1031 2164 1126 2248 (a)
1164 2184 1208 2239 eii
1244 2159 1439 2235 Rodeticio
1477 2158 1545 2247 (d)
1575 2214 1586 2230 .
1612 2160 1716 2234 Idem
1738 2164 1928 2262 privil

365 2264 437 2338 iuni
463 2259 612 2345 refertur
638 2260 675 2336 in
699 2260 903 2337 Suinmario
930 2261 1144 2335 authoritate
1171 2260 1324 2334 Concilii
1352 2256 1526 2334 Limensis
1554 2261 1731 2356 publicato
1760 2271 1830 2360 sap

375 2364 541 2454 aroldiun
576 2367 666 2450 (c):
703 2358 828 2461 &esse
854 2361 1074 2464 priuilegiiun
1109 2362 1285 2439 bidlatiun
1309 2359 1471 2461 supponit
1499 2361 1729 2455 Rodeticius,
1766 2367 1832 2459 cui

343 2462 425 2545 sunt
450 2462 661 2567 sequentesi

774 2669 1449 2747 ADNOTATIONES..

395 2873 466 2959 (1)·
485 2871 526 2943 Si
548 2848 708 2944 commoti}
724 2870 878 2965 ‘confiteri
902 2870 1127 2966 nequiverint.
1158 2869 1254 2967 Ergo
1282 2869 1308 2942 si
1334 2866 1525 2944 commode
1550 2868 1711 2966 possint,
1754 2891 1808 2950 te·
1823 2910 1838 2940 a

345 2991 403 3047 eui
428 2970 560 3048 statuto
585 2997 650 3066 pto
675 2965 752 3045 aliis
776 2989 932 3069 tempore
958 2969 1140 3063 confiteri,
1166 2996 1231 3046 nec
1250 2968 1383 3047 'sufficit
1410 2973 1580 3046 contritio
1606 2997 1689 3048 cuin
1715 2996 1832 3077 propo
1900 3021 1927 3042 .

206 3090 210 3097 '
305 3072 309 3081 '
343 3092 383 3150 to
409 3071 601 3148 confitendi
627 3073 787 3169 deinceps
800 3079 815 3144 .·'
836 3070 961 3174 'Causa
988 3072 1088 3160 hujus
1126 3071 1356 3147 concessionis
1395 3071 1461 3150 suit
1497 3071 1722 3149 sacerdotum
1761 3102 1831 3178 pen

255 3180 260 3191 ‘
343 3177 395 3249 ria
423 3175 613 3270 aliquando
638 3191 808 3264 tantatus¹
833 3175 894 3246 uni
920 3174 1075 3271 parocho
1102 3173 1243 3248 instaret
1270 3200 1353 3249 cura
1379 3170 1552 3249 sexdecim
1588 3179 1780 3252 nationum
1808 3199 1833 3253 .t
1899 3218 1912 3244 ι

345 3275 453 3349 sidem
480 3277 608 3368 linguis
634 3270 893 3375 differentium,
919 3295 959 3347 ut
987 3272 1061 3367 post
1086 3275 1315 3352 Rodericiiun
1340 3273 1445 3350 tesert
1472 3274 1716 3374 Montenegro
1752 3281 1833 3369 (d)
1892 3340 1910 3369 ,.

329 3372 389 3471 ,Et
416 3376 456 3448 in
478 3371 900 3465 Tucumaniredioecesi,
932 3375 989 3448 ubi
1016 3373 1090 3449 hac
1127 3373 1385 3468 scribebantur,
1424 3403 1499 3451 non
1524 3403 1596 3452 una
1623 3376 1668 3454 fit
1693 3380 1891 3477 parochia

346 3473 536 3557 centum&
559 3477 651 3548 ultra
677 3473 843 3574 milliaria
871 3477 965 3550 lata.
991 3473 1140 3551 Penuria
1170 3498 1289 3553 tamen
1315 3475 1538 3553 sacerdotum
1564 3476 1613 3554 est
1641 3478 1883 3558 causaremur

348 3596 409 3668 ta,
436 3578 491 3651 vel
515 3573 656 3650 occasio
681 3574 930 3649 concessionis.
958 3575 1062 3657 Unde
1088 3577 1114 3651 si
1140 3597 1314 3675 neipieant
1342 3578 1419 3653 Indi
1447 3577 1640 3655 commode
1675 3581 1843 3660 confiteri
1856 3640 1870 3679 ,

344 3676 483 3755 etiamsi
509 3679 612 3774 copia
637 3673 861 3755 sacerdotum
887 3676 957 3768 sit,
980 3705 1057 3752 non
1082 3679 1165 3757 ideo
1190 3680 1355 3776 praesente
1381 3682 1495 3777 gratia
1522 3683 1682 3777 privandi
1709 3682 1822 3760 scint.

395 3785 481 3870 (is),
500 3779 618 3895 Quoad
643 3780 830 3876 jejunium.
868 3779 995 3855 Sermo
1021 3779 1070 3856 est
1095 3782 1139 3855 de
1164 3780 1385 3876 indulgentia
1411 3784 1465 3855 vel
1499 3781 1637 3870 jubilaeo
1673 3786 1866 3886 requirente

344 3904 469 3979 piaeter
494 3878 750 3955 confessionem
771 3885 806 3955 dt
832 3882 1126 3956 communionem
1161 3881 1329 3971 jejunium
1356 3904 1518 3958 tantum.
1556 3882 1594 3958 si
1630 3904 1754 3963 tamen
1776 3876 1866 3968 'ultra

343 3982 519 4072 jejunium
540 3984 695 4083 requirat
721 3981 964 4074 orationem,
996 3986 1049 4057 rel
1087 3982 1357 4083 eleemosynam¹
1383 3986 1556 4085 erogati,
1583 3984 1665 4063 ludi
1701 4013 1781 4081 non
1803 3992 1870 4067 eiii-

347 4107 519 4162 munius.

394 4191 493 4276 (ιιι)
519 4183 781 4282 Consequentia.
816 4181 946 4281 Qiidsi
967 4182 1076 4262 Indus
1100 4189 1427 4262 excommunicatus
1452 4185 1494 4262 sit
1524 4193 1539 4262 ?
1574 4187 1879 4290 consequetur-ne

347 4289 524 4380 jubilaeum
549 4313 624 4361 tion
662 4281 858 4377 confessus,
889 4312 964 4362 non
1003 4288 1203 4363 absolutus?
1229 4289 1377 4364 Videtur
1409 4290 1503 4387 quod
1530 4293 1686 4390 quandiu
1720 4297 1799 4393 quis
1822 4319 1878 4371 ex·

351 4393 634 4469 communicatus
660 4389 798 4481 existit,
823 4413 900 4464 non
923 4389 1036 4488 potest
1062 4392 1325 4468 communicate
1351 4391 1390 4465 in
1413 4392 1563 4483 divinis,
1589 4397 1626 4473 dt
1661 4417 1722 4494 per
1760 4400 1880 4481 conse.

1702 4523 1828 4606 'quens

1366 4609 1883 4658 ..ψ-...4.-

387 4735 441 4807 (a)
461 4733 580 4795 ,Avend-
602 4751 624 4793 t.
651 4751 741 4788 iun·
773 4704 837 4806 nj.
876 4729 935 4798 (b)
964 4731 1090 4792 Ridens.
1174 4733 1229 4802 sc)
1250 4733 1366 4792 Herodis.
1387 4735 1468 4791 lima
1487 4733 1610 4803 limata,
1624 4755 1701 4807 pag..
1722 4755 1788 4794 iir.

346 4829 410 4872 iam.
431 4830 475 4882 qq.
496 4811 627 4882 Regulam
649 4817 735 4884 quast.
755 4826 805 4876 92·
823 4822 882 4867 att·
905 4821 937 4871 (ι
1173 4808 1228 4877 ((1)
1248 4814 1376 4872 Momm
1394 4810 1445 4871 lib.
1469 4826 1539 4873 ntr-
1560 4833 1589 4876 ι,
1603 4813 1673 4885 sels.
1689 4824 1738 4905 ir,
1754 4833 1835 4887 nuni.
1851 4840 1888 4887 i,
