3864 5686
242 356 318 447 164
479 402 485 413 .
665 342 1255 435 O'nnruarrorves,

290 488 332 569 P.
357 489 516 567 Sancher
541 488 634 589 apud
658 486 766 565 Card.
791 492 836 567 de
860 489 964 589 Lugo
987 489 1092 564 docet
1117 489 1478 568 communicationem
1512 514 1596 563 cum
1629 486 1712 565 inli-

189 593 261 671 dcli
285 616 468 692 nunquam
491 590 559 666 elle
582 613 770 690 peccatum
804 592 974 683 laethale,
1010 590 1076 666 nili
1099 594 1243 691 quando
1281 592 1375 669 adest
1407 594 1598 690 periculum
1633 590 1714 667 sub-

189 692 378 788 versionis,
406 717 467 771 aut
492 695 646 771 nimium
670 695 879 793 deprimitur
903 696 1057 792 dignitas
1082 695 1259 771 christiani
1284 696 1458 771 nominis.
1492 694 1562 769 Sed
1595 716 1713 793 neque

191 798 329 874 veniale
354 800 444 891 erit,
471 795 498 870 sr
522 822 595 872 non
621 796 740 871 solum
761 797 831 872 hoc
859 798 1052 896 periculum
1078 796 1182 890 absit,
1222 798 1280 872 sed
1315 796 1390 895 spes
1425 799 1715 873 excommunica·

81 946 106 953 -
192 903 288 973 tione
315 897 511 974 infidelium
536 896 775 974 conversionis
802 898 992 998 affulgeat,
1017 924 1094 998 que
1121 919 1155 974 te
1182 899 1228 973 ad
1264 898 1606 997 communicandum
1630 922 1718 973 mo-

189 1019 291 1077 veat.
319 1000 365 1076 Et
391 1000 595 1077 Benediilus
620 1001 721 1077 XIV.
748 1008 823 1091 (a)
848 1004 959 1076 etiarn
984 1004 1005 1074 lt
1031 1024 1178 1098 peccato
1202 1003 1329 1076 veniali
1365 997 1481 1074 censet
1515 999 1716 1075 immunem

189 1106 555 1179 communicationem
580 1128 664 1177 cunr
702 1104 872 1193 haereticis
898 1127 971 1177 non
1007 1103 1226 1177 denuntiatis
1261 1105 1299 1177 in
1323 1101 1501 1193 civilibus,
1538 1123 1718 1197 quatenus

191 1205 267 1279 ait:
301 1208 477 1314 Quamvis
513 1206 610 1295 juxta
646 1203 849 1302 praesentem
885 1203 1309 1300 disciplinam-industam
1347 1203 1368 1277 it
1403 1202 1568 1277 Martino
1592 1202 1638 1276 V.
1676 1205 1718 1277 in

190 1304 333 1380 Extrav.
359 1308 418 1380 Ad
452 1307 638 1397 evitanda,
674 1308 779 1380 liceat
817 1306 1001 1381 catholicis
1037 1329 1121 1380 cum
1157 1305 1359 1398 haereticis,
1396 1303 1506 1380 modo
1542 1328 1617 1377 non
1642 1301 1719 1379 srnt

193 1405 348 1506 express&
373 1416 408 1486 dt
434 1409 648 1483 nominatim
672 1409 894 1500 denuntiati,
919 1405 1246 1483 lucreconversari
1260 1463 1270 1500 ,
1297 1415 1333 1484 bt
1357 1432 1439 1481 curn
1456 1403 1587 1481 eisdem
1611 1430 1716 1481 com·

192 1512 373 1586 municate
402 1513 437 1584 in
464 1509 563 1585 rebus
586 1510 683 1584 meri
709 1507 864 1607 profanis
889 1506 929 1587 si
952 1508 1137 1583 civilibus.
1175 1506 1284 1604 Qod
1310 1509 1441 1607 potiori
1469 1508 1574 1582 titulo
1609 1508 1719 1582 licere
1758 1548 1763 1555 ·

191 1613 382 1686 dicendum
406 1609 455 1685 eli
480 1610 630 1709 respeslu
656 1634 874 1708 paganorum
899 1618 936 1687 dc
960 1609 1212 1702 barbarorum,
1239 1612 1285 1685 ad
1308 1634 1396 1708 quos
1429 1609 1721 1685 excommunica·

194 1715 307 1787 tiones
334 1720 369 1790 δι
394 1713 545 1788 cenl'urae
570 1737 643 1786 non
669 1713 925 1786 extenduntur.
1652 1714 1656 1721 '

195 1830 199 1839 '
244 1822 342 1906 (ιιι)
370 1819 408 1888 In
434 1816 534 1889 Bulla
568 1819 696 1888 Coenae.
734 1812 941 1889 Declaravit
973 1808 1139 1888 Clemens
1174 1810 1281 1887 VIII.
1317 1814 1355 1888 in
1388 1810 1512 1887 Consi.
1549 1810 1725 1885 Dominitr'

187 1920 300 2019 gregis
327 1919 412 1992 data
442 1939 499 2013 14.
526 1914 595 2011 Jul.
625 1922 759 2012 1604,
796 1940 857 2013 per
892 1941 1048 1990 annuam
1088 1915 1199 1991 Bullae
1234 1914 1358 1989 Coenae
1393 1914 1722 2023 promulgationem

195 2046 272 2095 non
297 2016 427 2093 censeri
456 2014 799 2092 revocatum'srmilc
826 2018 1044 2114 privilegium
1069 2015 1274 2090 Carmelitis
1309 2015 1543 2095 Discalceatis
1578 2010 1723 2088 conces·

197 2122 273 2203 sum
300 2120 346 2194 ad
372 2117 622 2193 absolvendum
660 2118 878 2215 inpartibus
913 2117 1109 2194 infidelium
1143 2116 1322 2193 icasrbus
1359 2119 1396 2192 in
1429 2141 1475 2191 ea
1509 2115 1723 2191 reservatis.

195 2222 359 2321 Crunque
386 2221 459 2294 lraec
494 2219 692 2294 Clementis
728 2221 894 2293 voluntas
919 2245 992 2294 non
1026 2219 1069 2293 s1t
1103 2245 1236 2295 novum
1273 2220 1496 2318 pelvilegium
1532 2216 1589 2291 sed
1625 2240 1723 2292 mera

195 2324 413 2415 declarati0,
441 2323 668 2396 revocatione
695 2340 757 2395 aut
781 2322 1011 2418 derogatione
1038 2345 1099 2417 per
1124 2319 1303 2419 sequentes
1339 2318 1430 2395 fasta
1468 2318 1724 2420 promulgatio·

194 2451 256 2503 nes
280 2448 354 2501 non
380 2423 712 2521 comprehenditur.
1717 2450 1721 2459 ·

298 2524 464 2601 facultas
491 2523 576 2599 verb
608 2526 629 2599 ὲ
665 2522 797 2600 casibus
833 2522 1027 2599 absolvendi
1063 2524 1100 2597 in
1137 2522 1242 2599 Bulla
1276 2523 1396 2600 Coenae
1431 2520 1611 2597 reservatis
1645 2542 1719 2601 non

192 2628 394 2707 extenditur
420 2629 466 2701 ad
491 2624 670 2719 haeresnn,
696 2626 761 2700 nisr
786 2628 1027 2722 exprimatur,
1053 2628 1191 2722 eoquod
1215 2627 1337 2700 crimen
1361 2628 1484 2712 hereſss
1506 2651 1572 2719 prae
1589 2624 1716 2698 ceteris

232 2730 423 2823 auifflmum
441 2727 579 2825 speciali
603 2746 680 2800 nota
708 2728 841 2824 dignum
856 2729 925 2818 fit,
953 2747 993 2800 ut
1018 2727 1209 2803 declaravit
1237 2728 1440 2801 Alexander
1465 2724 1575 2818 VIL,
1601 2731 1638 2803 dt
1663 2746 1718 2813 te·

188 2756 261 2908 seht
287 2828 319 2925 J
349 2826 554 2909 B.,Pit·toni
582 2827 674 2916 (b).
702 2824 824 2922 Qatn
849 2828 1042 2901 Alexandri
1068 2829 1345 2903 declarationem
1371 2854 1460 2902 cunt
1478 2828 1554 2902 aliis
1572 2826 1725 2901 intimit-

194 2934 246 3009 vit
273 2926 460 3028 Inquisitio
485 2927 638 3003 Limana
665 2930 703 3002 in
736 2930 804 3004 suae
841 2926 1080 3031 jurisdistionis
1104 2929 1292 3022 dimissu,
1330 2933 1366 3005 in
1391 2955 1463 3028 quo
1488 2927 1563 3001 haec
1590 2924 1722 3002 scribe·

194 3035 343 3123 bantur,
371 3054 433 3128 per
458 3030 612 3105 edietum
637 3028 821 3105 occasrone
845 3029 970 3120 jubilari
997 3033 1121 3105 datum
1147 3057 1183 3126 9.
1209 3029 1370 3126 Odlobris
1400 3053 1509 3127 1751.
1605 3067 1612 3081 ·

298 3134 357 3208 nd
381 3131 601 3207 Societatem
626 3128 704 3226 Jesu
740 3131 835 3230 quod
872 3134 1032 3224 attinet,
1067 3134 1139 3223 jam
1164 3133 1226 3205 diu
1249 3131 1494 3232 Congrcgatio
1530 3128 1724 3208 Generalis

194 3237 239 3311 V.
266 3235 375 3329 Dect.
404 3257 464 3309 21.
490 3231 694 3309 solemniter
720 3235 983 3308 renuntiaverat
1007 3239 1106 3309 omni
1133 3235 1339 3331 privilegio,
1366 3234 1461 3332 quod
1490 3232 1617 3307 habere
1643 3224 1726 3330 pos-

190 3338 243 3414 set
270 3334 466 3411 absolvendi
493 3334 675 3413 hereticos
702 3337 739 3407 in
764 3335 902 3408 ditione
927 3334 1092 3432 Hispanae
1116 3334 1381 3435 Inquisrtionis.
1419 3331 1512 3431 Qut
1537 3333 1726 3409 renuntia·

194 3441 247 3514 tio
273 3438 383 3511 ctiam
409 3434 559 3510 habetur
584 3433 770 3509 notificata
799 3438 835 3508 in
861 3436 1072 3535 compendio
1088 3436 1316 3527 Communi,
1342 3443 1378 3514 br
1404 3436 1616 3512 confirmata
1643 3434 1727 3509 erat

194 3533 380 3638 pontificio
407 3535 571 3609 decreto.
600 3533 739 3609 Eadem
763 3532 915 3611 facultas
950 3535 1147 3613 absolvendi
1186 3541 1206 3612 a
1231 3539 1412 3615 reservatis
1439 3542 1475 3612 in
1508 3538 1614 3613 Bulla
1639 3532 1729 3609 Coe·

193 3664 247 3713 nae
272 3636 417 3712 concedi
445 3634 534 3709 solet
558 3658 618 3733 per
644 3634 811 3711 decennia
847 3635 1048 3735 Episcopis,
1087 3664 1148 3737 per
1172 3642 1332 3715 vicennia
1373 3640 1560 3717 indiarum
1594 3634 1733 3715 miss're

194 3739 326 3831 crariis,
352 3736 545 3834 dequibus
571 3734 663 3812 infra
691 3762 787 3813 anno
818 3761 933 3836 ¹725··
953 3764 1013 3835 22.
1040 3740 1163 3832 Febr.,
1189 3746 1224 3821 u
1252 3763 1361 3836 1729.
1393 3766 1449 3816 12.
1476 3742 1570 3819 Dec.

245 3845 343 3933 (lv)
370 3842 452 3937 Lege
477 3838 597 3914 divina
621 3866 682 3913 non
703 3839 898 3939 prohibitis.
926 3841 1087 3917 Dubium
1112 3841 1186 3935 est,
1223 3869 1269 3917 an
1295 3846 1333 3917 in
1358 3845 1522 3939 gradibus
1559 3834 1640 3940 lege
1674 3840 1733 3917 di·

193 3944 277 4018 vina
301 3967 375 4018 non
402 3939 588 4040 prohibitis
612 3966 694 4017 com
719 3941 933 4017 rehendatur
968 3946 1101 4041 primus
1125 3943 1442 4044 consanguinitatis
1474 3945 1578 4020 tinea
1616 3940 1731 4019 trans

193 4042 316 4134 rersae;
344 4044 395 4117 ita
420 4063 460 4117 ut
485 4040 595 4118 frater
621 4049 657 4121 dc
696 4069 781 4118 oror
807 4047 845 4119 in
870 4042 1080 4133 infidelitate
1105 4048 1283 4145 conjugati
1309 4044 1491 4144 separandi
1531 4042 1601 4123 smt
1639 4044 1732 4123 dunt

192 4162 468 4237 convertuntur,
493 4148 530 4220 dc
556 4145 716 4241 privandi
742 4147 844 4236 hujus
869 4146 1041 4249 privilegii
1068 4144 1212 4224 favore.

766 4352 1147 4557 Supponziirurlbliqna.
1230 4529 1233 4534 .

292 4656 463 4758 Suppono
492 4678 548 4750 1.,
575 4658 612 4733 in
638 4657 767 4737 uetere
791 4659 1025 4738 'l'estamento
1050 4663 1065 4747 (
1090 4659 1174 4736 Lev.
1191 4659 1249 4737 18.
1276 4669 1291 4754 )
1317 4662 1384 4739 elle
1410 4665 1487 4760 lege
1511 4662 1635 4737 divina
1657 4686 1721 4740 ve·

174 4761 308 4836 ‘titum
327 4758 538 4839 contrahere
573 4763 848 4838 matrimonitun
883 4762 1082 4863 parentibus
1116 4789 1199 4839 curn
1233 4763 1338 4860 liliis,
1373 4763 1454 4841 filiis
1470 4832 1477 4843 .
1492 4788 1575 4840 cum
1611 4788 1731 4841 uxore

1568 4889 1688 4972 patris

233 5085 287 5155 la)
307 5091 337 5148 ll·
356 5088 430 5150 XIV.
450 5088 501 5149 lib·
522 5101 550 5146 6·
569 5090 611 5147 De
631 5092 692 5160 Syn·
711 5090 749 5153 0·
771 5108 792 5147 c·
805 5112 831 5155 s.
849 5108 878 5147 rt.
901 5111 925 5144 a.
973 5064 1041 5162 m
1058 5095 1130 5157 Pitt·
1150 5097 1207 5154 CC·
1225 5097 1266 5156 ad
1285 5097 1394 5174 Confes-
1417 5117 1464 5169 ’l-
1484 5098 1564 5155 Mai·
1588 5108 1679 5163 ¹655·
