3856 5678
269 281 346 382 384
705 238 1289 349 orntuarrouvs

216 421 499 523 comprobetur.
538 414 629 490 Vide
665 410 757 487 Orrl.
786 410 871 509 588.
900 420 987 511 596.
1014 416 1050 491 br
1078 433 1166 513 273.
1205 415 1265 489 An
1291 415 1395 491 aliter
1427 415 1539 491 etiam
1575 413 1750 514 provisum

212 526 279 621 stt,
306 528 361 599 vel
386 523 451 598 usu
475 538 616 617 recepta
642 514 794 616 provisio
821 518 915 593 circa
941 518 1017 591 alia
1043 538 1215 593 contenta
1240 520 1279 594 in
1303 516 1469 617 Gregorii
1498 517 1637 611 Bulla,
1675 522 1751 599 vide

216 632 311 731 apud
336 629 394 702 cit.
423 622 615 701 Loll'adam
639 676 648 695 .
674 618 714 696 P.
742 618 900 696 Lacroix
938 623 1016 710 (a)
1043 620 1118 696 ait:
1143 626 1240 696 Hauc
1274 620 1493 718 (Gregorii)
1530 619 1750 700 constitutio·

213 758 298 809 nem
325 730 443 828 quoad
470 729 636 826 punitum
664 722 925 821 approbationis
952 748 1016 822 pro
1040 724 1258 800 monialibus
1283 727 1478 822 exemptis,
1506 749 1581 801 non
1607 720 1677 805 effe
1702 750 1751 809 re·

213 856 357 934 ceptam
381 858 448 931 pro
474 831 590 928 regnis
614 824 777 923 Hispano
802 823 979 915 subicito,
1006 823 1154 901 testatur
1179 826 1323 903 lezana
1348 825 1447 917 (b).

126 950 131 961 '
263 942 344 1027 (11)
370 940 446 1011 Nor
470 933 610 1019 uitiante
635 937 745 1003 Breve
770 929 826 1002 Pir'
851 932 891 1001 V.
928 923 1102 1021 Qramvis
1136 930 1296 1005 revocari
1323 930 1488 1007 videatur
1522 926 1639 1007 Breve
1669 922 1749 1011 Pic-

213 1066 325 1131 num,
350 1038 430 1114 sunt
455 1054 581 1111 tamen
606 1030 797 1133 posteriora
823 1026 938 1121 faeta,
964 1052 1009 1103 ex
1035 1030 1159 1128 quibus
1185 1031 1339 1107 dubitari
1366 1032 1467 1106 licuit
1506 1030 1751 1131 aliquandiu,

216 1170 266 1221 an
291 1140 377 1239 usqu
420 1161 534 1237 uaque
572 1136 769 1211 obtineret.
807 1129 865 1205 Fr.
891 1128 1097 1207 franciscus
1123 1133 1291 1208 Truxillo
1329 1129 1478 1209 Ordinis
1510 1132 1547 1210 S.
1574 1132 1749 1233 francisri

213 1242 377 1325 Minister
430 1240 633 1318 rovincialis
658 1239 696 1315 iu
717 1236 946 1311 Tucumania
974 1256 1097 1311 coram
1123 1233 1422 1311 lllMaldonado
1447 1232 1628 1335 Episcopo
1647 1236 1748 1317 Dte·

212 1346 342 1427 cesano
365 1345 550 1423 contendit
576 1366 674 1417 anno
703 1344 812 1437 1639.
841 1358 901 1435 14
927 1334 1036 1432 Iun,
1062 1337 1114 1427 ius
1138 1336 1200 1413 fibi
1225 1335 1336 1414 suove
1361 1336 1493 1414 Ordini
1530 1340 1576 1415 ad
1610 1336 1747 1423 Μή-

213 1470 302 1527 nam
325 1444 550 1542 Ocloyarum
576 1460 778 1541 competere
805 1443 844 1515 in
867 1438 972 1515 Brevi
1006 1436 1062 1514 Pii
1087 1440 1133 1512 V.
1160 1437 1382 1516 fundatum.
1410 1439 1520 1516 Anno
1549 1448 1661 1541 1636.
1690 1466 1746 1545 ¹5·

211 1552 283 1652 Jul.
310 1552 442 1650 prodiit
468 1549 565 1647 regia
591 1545 773 1620 Auditorii
798 1539 971 1620 Platenfis
1007 1540 1160 1640 provisio
1186 1568 1252 1641 pro
1290 1545 1566 1621 manutentione
1591 1546 1677 1637 juris
1700 1550 1747 1625 al-

215 1656 323 1732 terius
349 1654 387 1727 in
412 1652 538 1741 eodem
564 1646 667 1757 quvi
690 1644 857 1723 strndati.
884 1644 1104 1722 Dominicus
1129 1643 1251 1720 Maria
1275 1643 1422 1719 Cursrus
1448 1646 1673 1726 authoritate
1697 1650 1742 1727 A·

213 1755 386 1857 postolica
412 1755 510 1843 illius
541 1748 802 1847 observantiam
838 1748 1146 1823 &executionem
1173 1747 1326 1839 indixit,
1363 1749 1406 1822 de
1432 1773 1504 1846 quo
1530 1746 1628 1825 infra
1660 1748 1740 1829 Ord.

212 1878 282 1937 tot.
306 1857 384 1935 Nec
409 1856 447 1933 S.
472 1850 719 1951 Congregatio
743 1852 782 1925 in
807 1849 912 1925 causa
951 1850 1240 1946 angelopolitana
1267 1869 1473 1925 revocatum
1504 1846 1575 1928 elle
1612 1850 1737 1933 absolu·

214 1959 252 2039 td
277 1956 582 2058 pronuntiandum
608 1949 765 2033 censuit.
791 1946 958 2045 Quorum
983 1952 1078 2027 ratio
1113 1948 1182 2026 elle
1233 1949 1340 2044 test,
1377 1954 1461 2051 quia
1487 1952 1652 2031 nondum
1675 1958 1740 2035 vul·

214 2082 301 2159 gata
326 2079 405 2135 erat
429 2058 610 2133 ordinatio
634 2053 801 2153 praesens,
828 2073 891 2128 aut
927 2049 1152 2151 suspensionis
1187 1974 1463 2149 &unitationis
1498 2054 1663 2155 Gregorii
1694 2060 1736 2137 ab

211 2160 361 2245 Urbano
385 2159 536 2235 decretae
559 2157 764 2247 revocatio,
793 2155 847 2230 vel
895 2155 955 2230 uia
982 2155 1034 2244 ius
1057 2157 1234 2251 regulares
1261 2180 1325 2252 pro
1351 2154 1519 2254 parochis
1542 2156 1733 2240 instituendi

216 2263 343 2363 absque
368 2261 513 2339 licentia
539 2256 797 2359 Episcopotum
822 2282 844 2333 a
869 2180 937 2332 sio
960 2255 1006 2332 V.
1031 2258 1228 2349 collatum,
1258 2276 1426 2355 puratum
1450 2257 1503 2335 est
1527 2284 1605 2336 non
1636 2263 1730 2361 impe·

213 2366 291 2447 dire
315 2366 503 2465 quominus
527 2364 601 2451 jam
627 2361 779 2437 instituti
806 2354 976 2433 subessent
1002 2359 1148 2434 illorum
1173 2355 1427 2453 turisendum,
1464 2359 1662 2441 visitationi
1670 2370 1728 2457 ,dt

212 2468 446 2545 corrcdioni.
471 2461 653 2563 Qudquid
678 2464 723 2537 de
749 2462 814 2537 illo
840 2483 1000 2557 ternpore
1026 2457 1110 2557 fit,
1144 2457 1276 2543 statum
1312 2460 1518 2565 presentem
1543 2466 1643 2569 plani
1664 2466 1723 2548 bre·

214 2573 268 2649 sis
293 2570 371 2651 vide
394 2566 486 2649 Ord
513 2562 599 2668 588.
626 2570 663 2647 ὅ(
688 2572 775 2665 596·
801 2563 943 2647 citatis.

533 2769 1116 2854 ORDINATIO
1212 2774 1414 2860 chxtv.

759 2874 871 2951 Anno
897 2880 1009 2973 1627.
1035 2886 1072 2954 6.
1098 2874 1197 2954 Pebr.
1778 2944 1780 2981 ι

1778 2992 1780 3031 Ι

214 3087 269 3264 S
308 3083 557 3187 Congregatio
582 3086 621 3160 in
644 3106 719 3161 una
742 3081 988 3160 Camarinensr
1012 3084 1205 3165 declaravit
1229 3086 1395 3182 irenam,
1421 3092 1599 3188 regulares
1620 3062 1654 3167 fir
1671 3114 1717 3189 pa·
1777 3044 1780 3161 i

186 3250 203 3279 ,
273 3185 307 3249 Α
334 3189 463 3266 rochos
486 3186 554 3265 elie
579 3186 625 3263 ab
649 3185 830 3286 Episcopis
854 3186 1123 3288 approbandos.
1149 3186 1276 3268 Refert
1300 3215 1345 3269 ex
1368 3191 1568 3273 Soloreaoo
1591 3190 1629 3271 P.
1651 3191 1713 3269 Hie
1778 3228 1780 3235 ·

214 3316 342 3389 nyrnus
376 3290 515 3389 Ortega
542 3294 579 3367 in
618 3290 679 3364 cit.
706 3288 861 3389 Allegat.
890 3315 955 3387 pro
990 3288 1094 3365 Ptov.
1119 3286 1295 3393 Philipp,
1331 3294 1391 3370 ubi
1428 3300 1465 3375 bt
1490 3294 1598 3375 refert
1631 3296 1715 3373 alirn

212 3395 366 3471 omnino
390 3392 542 3468 fimilem
568 3393 606 3466 in
631 3389 736 3466 causa
761 3393 874 3468 etiarn
898 3390 1146 3469 Camarinenfi
1170 3393 1451 3474 declarationem
1475 3396 1609 3478 saidam
1640 3420 1713 3475 anno
1778 3478 1780 3485 ,

217 3504 330 3610 ιριι.
358 3517 420 3611 ²9·
445 3493 558 3573 Mart.
585 3493 678 3572 Vide
703 3518 811 3595 quarn
835 3493 940 3594 supra
962 3496 1070 3575 rettrli
1093 3519 1139 3577 ex
1162 3492 1318 3579 Barbosa
1344 3499 1392 3579 ad
1416 3502 1514 3583 diem
1543 3526 1604 3587 ιο.
1627 3498 1716 3583 bisn-
1778 3550 1781 3603 ,

210 3618 286 3697 erup
310 3619 416 3675 aunt.
1778 3654 1781 3679 .

546 3799 1131 3885 ORD'INATIO
1226 3806 1407 3889 ochv.

736 3906 847 3983 Anno
873 3919 986 4006 1627.
1019 3930 1079 3985 ro.
1104 3906 1217 3989 Mart.

285 4110 374 4189 Asta
397 4111 447 4189 est
472 4108 662 4211 apostolica
688 4112 886 4209 concerno,
911 4132 952 4191 ut
978 4114 1016 4190 in
1040 4113 1315 4196 cathedralibus
1339 4114 1524 4196 indiarum
1547 4118 1730 4223 supprime·
1779 4060 1781 4065 Ι

310 4236 368 4291 tur
394 4215 511 4331 aliqua
524 4214 1267 4401 ssroedblendcgggeugsusigedsstuffiffissiols.
1294 4218 1536 4403 {squil'ligionis
1565 4224 1732 4403 Ἓέἰωο·

208 4314 579 4536 &demissiorem
592 4368 890 4541 prodiissehujus
913 4372 1152 4502 ordinationis
1175 4346 1459 4505 desistatiosteirs
1474 4342 1732 4509 ‚Pffedttmitii

207 4516 520 4719 :ggqlbitguffiodr
545 4521 804 4695 admrmllratro
828 4528 1010 4627 regulatur
1033 4530 1112 4671 lege
1132 4528 1734 4629 24.25.·st,2s.ttt.19.nbr.ne·

561 4762 567 4771 ·
1603 4734 1698 4817 OR-

202 4852 291 4881 *
312 4816 319 4841 ι

200 4994 280 5140 lars.a
288 4992 520 5155 {351}qu
536 5006 575 5067 p,
596 4962 624 5061 ἰ’
641 5022 720 5072 ⁸¹*
741 5010 827 5075 '⁵¹⁸‘
867 5004 924 5081 ‘b'
945 5008 1014 5077 Ψ*
1032 5022 1099 5073 '⁰⁸⁸'
1123 5026 1149 5068 ⁸·
1167 5026 1195 5085 ¹·
1215 5011 1315 5087 W·
1333 5030 1396 5087 “r
1419 5026 1520 5121 ¹320·-
1536 5030 1588 5085 as·
1607 4956 1765 5089 1τῖΦὲ
