3856 5678
1100 216 1159 263 ἡ

523 311 559 392 A
584 267 859 395 nostor
884 333 948 406 12c
972 335 1034 404 a,
1088 335 1199 416 1500.
1253 326 1364 416 1563·
1601 340 1679 420 147

208 524 217 543 „
290 453 354 537 Ad
379 476 415 536 2.
442 454 604 536 confirm.
630 455 818 558 Suspensro
842 458 904 536 illa
929 482 1005 534 non
1030 455 1140 546 allicit
1165 454 1435 555 consuetudines
1459 454 1528 544 rite
1553 457 1728 562 prascrip-

190 579 340 661 tasquas
350 586 426 638 non
436 562 713 661 exprimit.Nec
723 578 906 661 propterea
919 557 1269 655 careteffeilu,eum
1278 559 1416 638 afficere
1428 559 1529 660 pollit
1538 561 1729 639 concelsro·

191 660 495 745 nes&facu1nres
521 667 626 742 alias.
653 663 701 739 Et
727 663 811 740 licet
837 665 980 762 paulina
991 662 1220 757 concessiode
1242 665 1425 740 lallieiniis
1436 665 1510 755 jam
1521 662 1729 763 expirasset,

191 768 307 867 potuit
331 768 355 842 al
379 764 607 862 suspendente
633 764 777 863 respici,
803 764 830 839 s1
855 763 948 842 sorte
972 763 1056 841 esset
1082 787 1296 863 prorogata,
1323 767 1377 840 vel
1405 767 1476 840 alia
1503 765 1622 843 smilis
1641 793 1726 843 eon·

191 864 283 945 cessa
310 867 451 945 denuo.
477 869 538 945 Ad
565 888 599 967 3.
627 866 787 954 confirm.
814 867 983 959 Licentia
1008 866 1161 947 restriua
1185 865 1356 967 posterior
1380 869 1514 944 limitat
1550 869 1729 966 priorem,

192 972 336 1071 qumdo
361 995 406 1045 ex
430 971 563 1063 verbis,
589 973 644 1046 vel
669 994 714 1046 ex
738 970 931 1062 adjundiis,
956 991 1018 1048 aut
1044 969 1170 1068 fignis,
1196 969 1348 1046 ostendit
1374 968 1538 1068 Princeps
1557 995 1727 1047 revocan-

190 1074 498 1164 divoluutatem,
524 1097 600 1149 non
623 1074 768 1169 quando
793 1071 1009 1171 praesumitur
1035 1075 1200 1172 ignorata
1226 1072 1377 1148 licentiae
1402 1072 1640 1170 praecedentisr
1655 1098 1730 1177 arn·

230 1175 356 1267 'urdo,
383 1180 420 1252 bt
443 1173 648 1266 necessitas,
685 1175 845 1250 ciborum
880 1175 1023 1273 inopia,
1048 1174 1103 1250 vel
1128 1176 1331 1271 gracilitas,
1365 1198 1441 1272 quae
1467 1177 1504 1251 in
1541 1174 1731 1272 provinciis

260 1280 376 1355 iarum
401 1273 500 1352 fuisse
524 1279 662 1353 ridetur
686 1275 827 1359 occasio
853 1277 1117 1363 introducendae
1141 1274 1425 1370 consuetudim's,
1447 1282 1486 1358 dt
1520 1273 1646 1376 paffim
1679 1275 1730 1362 el}

194 1379 297 1464 eausa
322 1398 364 1459 ut
390 1379 527 1477 praelati
552 1377 749 1480 dispensent
775 1380 813 1454 in
838 1381 1001 1465 carnium
1025 1381 1136 1455 eriam
1163 1377 1391 1455 abstinentia.
1457 1444 1458 1447 ,

241 1524 245 1529 -
293 1480 411 1570 Objic.
439 1497 474 1578 3.
499 1479 538 1558 Si
564 1481 647 1557 licet
672 1483 725 1557 uti
751 1483 867 1561 larido
893 1507 958 1578 pro
983 1481 1217 1557 condimento
1244 1535 1255 1574 ,
1281 1480 1392 1556 etiarn
1418 1506 1483 1578 pro
1506 1477 1657 1566 obsonio
1681 1482 1727 1556 li-

195 1603 311 1663 aeret..
335 1582 498 1681 Negatur
522 1600 643 1658 tamen
668 1583 828 1681 sequela,
852 1584 936 1682 quia
961 1584 1114 1658 laridum
1139 1608 1204 1682 pro
1230 1579 1419 1658 accelsorio
1445 1585 1731 1663 condimento&

194 1711 257 1788 pto
280 1683 432 1763 obsonio
457 1681 729 1767 substantialiter
753 1681 942 1780 differunt,
968 1682 1139 1761 sinmintn
1164 1683 1326 1782 physice,
1350 1686 1537 1760 moraliter
1560 1685 1688 1766 saltem
1715 1707 1729 1759 .·

192 1785 235 1869 ut?
254 1789 303 1880 de
327 1789 415 1864 vvino
431 1791 478 1865 bt
501 1784 639 1879 musto,
664 1786 708 1861 de
731 1784 840 1863 massa
867 1794 904 1868 bt
927 1787 972 1867 de
995 1810 1087 1885 pane
1112 1789 1238 1880 coeto,
1263 1788 1308 1863 de
1343 1812 1434 1886 aqua
1471 1789 1508 1865 ὃ(
1543 1789 1625 1886 gelu
1660 1788 1732 1864 dici

194 1887 277 1968 nter
305 1891 327 1964 b
353 1888 549 1984 Theologis
573 1889 610 1962 in
637 1891 790 1967 trallatu
815 1888 874 1967 De
898 1889 1158 1967 Sacramentis.
1185 1889 1263 1965 Nec
1288 1887 1506 1965 consuetudo
1516 1883 1731 1966 vescentibus

233 1988 433 2071 oobsonio
457 1984 669 2087 suffragatur
694 2045 703 2065 .
730 1990 829 2077 Hinc
867 1992 906 2073 in
943 1993 1069 2075 litteris
1094 1990 1222 2073 Nuntii
1248 1987 1501 2083 Lisbonenfis,
1526 1991 1580 2090 del,
1608 1991 1731 2090 quibus

196 2017 235 2170 i‘.
260 2091 438 2269 Marquss
459 2093 520 2211 ubi
542 2090 668 2190 supra,
690 2091 873 2188 sagiminis
899 2090 978 2171 usus
1002 2094 1100 2170 dum·
1116 2092 1353 2194 approbatur,
1378 2112 1521 2169 cavetur
1545 2115 1591 2168 ne
1615 2090 1731 2170 suma·

196 2214 253 2274 tm
301 2220 346 2271 ro
369 2221 394 2270 o
431 2220 539 2271 omo.
724 2274 726 2279 ,

227 2395 230 2399 ἱ
278 2221 411 2387 pObjic.
449 2319 489 2394 4.
512 2289 622 2392 Qrod
645 2294 867 2373 ecclefiastici
892 2295 984 2373 doeti
1010 2301 1046 2376 bt
1071 2297 1256 2392 timorati,
1281 2322 1370 2396 quos
1392 2299 1483 2373 inter
1507 2293 1556 2380 est
1580 2292 1728 2372 Invit-

195 2393 323 2475 -larroel
348 2404 449 2490 (a),
474 2396 535 2475 srbi
564 2396 748 2494 provident
763 2399 818 2473 de
842 2397 937 2480 bulla
961 2400 1241 2476 ladiciniornm.
1266 2399 1349 2474 Hoc
1375 2419 1498 2476 autern
1523 2394 1730 2492 nonfieret,

202 2497 335 2580 saliis
360 2503 482 2577 liceret
509 2498 611 2575 usus.
637 2498 841 2597 Respondet
867 2500 961 2598 ipse,
994 2502 1056 2600 qui
1082 2499 1175 2577 solus
1204 2525 1316 2600 ,quem
1341 2501 1474 2594 sciam,
1512 2499 1647 2575 bullam
1682 2500 1731 2582 ad

201 2605 300 2681 ulem
324 2599 429 2678 usum
455 2602 647 2691 adhibuit,
684 2600 743 2676 Ill.
768 2603 957 2679 Villarroel
984 2631 993 2677 ε
1020 2609 1158 2700 Araque
1183 2605 1331 2701 algunos
1356 2600 1508 2702 Obispos
1535 2607 1731 2700 (comoyo

200 2705 302 2784 bane
325 2704 480 2796 necho)
499 2725 662 2780 tomaren
686 2702 758 2781 ella
784 2729 898 2782 nueva
925 2705 1043 2798 bulla,
1069 2730 1093 2801 y
1117 2700 1213 2782 rena
1248 2705 1329 2782 bien
1364 2728 1432 2804 que
1466 2705 1568 2782 todos
1590 2706 1639 2781 la
1675 2729 1731 2781 ro-

199 2805 348 2898 neffen,
375 2831 458 2905 pnes
482 2805 580 2882 salen
604 2804 649 2881 de
673 2806 858 2902 opiniones
883 2807 904 2882 i
931 2826 994 2882 tan
1019 2831 1110 2905 poca
1134 2805 1253 2882 costa:
1279 2834 1328 2885 no
1354 2832 1419 2907 por
1443 2804 1516 2884 esso
1540 2806 1656 2907 quoda
1690 2809 1730 2886 la

200 2907 387 2988 roslnmbre
415 2907 627 3007 abrogada,
664 2931 748 3004 pues
775 2928 836 2985 tan
848 2963 859 3000 ,
884 2933 992 3008 pocos
1015 2934 1065 2988 no
1090 2910 1228 3010 pueden
1252 2911 1449 3010 prevalecer
1485 2929 1612 2988 contra
1650 2909 1745 3014 tam

200 3029 266 3104 tos3
293 3038 321 3108 y⁴
343 3007 544 3087 cbstumbre
567 3007 715 3087 bonella
740 3035 763 3106 y
788 3008 1066 3087 bastantemenre
1092 3007 1258 3111 prescrita
1276 3037 1326 3090 no
1353 3013 1390 3090 la
1415 3011 1553 3111 pueden
1578 3010 1730 3113 abrogat

199 3135 252 3192 tan
267 3137 410 3212 pocoss.
436 3109 809 3208 Consrguientemente
833 3112 1091 3211 dig0‚quee1
1113 3136 1182 3210 que
1205 3109 1343 3191 usade„
1360 3113 1431 3189 ella
1467 3137 1514 3188 en
1545 3136 1619 3214 nna
1647 3110 1730 3212 pre·

197 3215 353 3293 dicacion
380 3216 492 3312 puede
516 3239 565 3288 no
590 3209 706 3288 usatla
732 3237 778 3287 en
802 3230 906 3306 otra,
934 3238 1017 3310 pues
1041 3211 1182 3290 usamos
1207 3213 1252 3288 de
1277 3215 1331 3289 los
1357 3213 1579 3312 privilegios,
1618 3237 1729 3313 quan·

196 3319 238 3396 lo
259 3315 461 3416 gustamos.
488 3314 523 3392 Y
551 3312 673 3390 srendo
697 3313 913 3413 personales,
940 3339 1049 3391 como
1073 3319 1111 3389 lo
1136 3338 1173 3389 es
1193 3313 1284 3407 elle,
1297 3316 1350 3391 los
1360 3315 1609 3391 renunciamos
1618 3340 1729 3415 quan·

188 3421 237 3500 ‘lu
258 3443 468 3519 queremos.
496 3417 668 3494 Ptaeterea
695 3418 793 3508 bulla
817 3419 978 3514 praediea
1003 3419 1272 3518 &quocumque
1297 3417 1447 3494 sumitur
1482 3441 1558 3492 non
1593 3417 1729 3496 inutili·

192 3541 253 3602 ter.-
265 3541 411 3622 propter
436 3521 608 3596 meritum
633 3521 867 3595 concurrendi
895 3521 941 3596 ad
966 3518 1054 3596 sacri
1079 3519 1161 3595 belli
1187 3516 1343 3618 sumptus
1362 3544 1441 3619 per
1477 3517 1731 3622 eleemosinam

191 3649 263 3726 puae
285 3642 480 3721 erogatur,
505 3625 694 3720 &propter
704 3622 1005 3720 indulgentiarum
1016 3622 1119 3698 bullae
1144 3623 1362 3700 addidarum
1371 3624 1532 3700 lucrum.
1557 3623 1729 3702 Tandem

188 3749 301 3822 vunta,
327 3723 529 3815 hujusmodi
555 3725 657 3800 bullar
681 3725 949 3823 expeditionem
973 3749 1049 3803 non
1072 3748 1201 3802 nocere
1225 3726 1378 3804 licentiae
1405 3727 1492 3803 alils
1516 3724 1648 3803 habitae
1663 3749 1730 3818 ;ex

190 3831 280 3909 lllius
295 3828 434 3928 vqnippe
462 3846 584 3903 tenore
609 3850 717 3926 quern
751 3825 859 3902 habes
895 3827 989 3925 apud
1012 3828 1074 3904 cit.
1100 3823 1264 3920 Mendo,
1303 3823 1443 3902 constat
1467 3826 1624 3926 expediri
1660 3851 1729 3926 pro

192 3929 422 4033 patriarchis,
447 3935 517 4007 &n
529 3984 541 4021 ,
566 3926 589 4003 ri
616 3926 801 4025 peierasse
826 3927 991 4026 prohibitio
1015 3954 1122 4005 comer
1144 3931 1287 4006 laevos:
1313 3950 1388 4003 non
1425 3954 1490 4026 pro
1525 3928 1570 4005 iis
1603 3929 1730 4030 quibua

192 4037 309 4141 aliqua
333 4033 550 4132 praecedente
576 4029 681 4115 caula
707 4033 763 4109 vel
790 4030 897 4110 titulo
921 4026 1122 4112 concellum
1145 4029 1217 4128 est,
1243 4030 1299 4112 vel
1316 4026 1548 4131 permissum.
1706 4118 1714 4127 ,

295 4303 300 4314 .
458 4185 1386 4342 ,o'ttn1urr1otxv11t

436 4360 455 4407 l
845 4338 1097 4443 Ann01-54a

279 4540 353 4621 12.ae
381 4541 477 4619 vocis
502 4542 650 4620 oraculo
671 4546 738 4634 (1)
763 4545 1152 4638 communicavitln)
1177 4541 1309 4623 Paulus
1333 4542 1478 4624 Tertius
1513 4541 1730 4627 Dominica·

204 4699 222 4723 -.
301 4646 360 4723 nis
384 4650 422 4726 dt
444 4642 686 4726 Franciscanis
709 4645 807 4739 Novi
830 4645 939 4724 Orbis
961 4672 1085 4726 omnes
1111 4649 1263 4745 gratias,
1288 4644 1511 4744 facultates,
1543 4653 1582 4730 ’ὰ
1614 4645 1730 4744 indul·

192 4748 327 4846 gentias
352 4771 400 4826 eo
423 4746 531 4847 usque
555 4745 733 4826 concessas
758 4753 795 4829 dt
817 4775 863 4830 ex
888 4770 973 4827 tunc
999 4752 1241 4829 concedendas
1266 4751 1303 4826 in
1311 4774 1437 4850 genere
1450 4752 1506 4826 vel
1529 4751 1591 4928 inr
1590 4748 1728 4927 specie.

1246 4883 1249 4890 .
1642 4878 1679 4925 a,

194 4975 1731 5018 mm

224 5089 287 5169 sel
300 5089 430 5156 Wllarr.
447 5093 499 5162 uc·
517 5095 568 5160 cit·
585 5097 731 5172 nin-fin·
825 5098 833 5108 '
897 5077 899 5082 ’
1119 5172 1158 5253 Τ
1362 5111 1392 5154 Α,

1190 5193 1194 5199 ’
1209 5196 1233 5251 2
