3864 5686
82 302 155 346 ’·
237 327 309 424 η8
654 319 1235 396 onorurrtonrs
1362 319 1367 331 “

87 536 93 551 ,
290 467 400 542 Anno
430 471 536 561 1632.
569 481 623 558 ¹3·
652 459 764 539 Mart.
791 460 921 562 prodiit
954 458 1184 551 declaratio,
1219 455 1318 559 quod
1343 456 1518 551 Abbius,
1544 454 1685 534 Priores
1719 510 1730 548 ‚

192 578 228 650 ὅ(
252 567 473 659 Guardiani,
499 570 535 640 dt
561 567 620 639 alii
647 563 789 640 Praelati
815 563 1012 662 Regulares
1037 563 1148 636 etiam
1174 560 1256 636 Soc.
1283 557 1386 656 lesu,
1424 559 1592 636 habentes
1617 559 1730 658 privi-

190 675 282 770 legia
307 667 533 746 benedicendi
561 665 669 743 velles
693 665 831 760 sacras,
856 672 892 742 ἃ
916 663 1145 759 cometeria,
1170 668 1207 740 dc
1232 659 1382 754 fimilia,
1420 663 1516 738 diuo
1541 661 1733 762 privilegio

89 772 93 779 ’
145 822 151 837 ·
191 776 245 852 uti
271 798 345 848 non
370 767 530 871 possunt,
556 767 621 842 nist
648 771 685 844 in
709 768 831 860 rebus,
856 769 894 842 in
918 766 1041 866 quibus
1066 763 1165 842 sac'ra
1199 764 1319 840 undio
1343 788 1418 838 non
1455 765 1666 855 adhibetur,
1692 767 1732 840 dt

58 918 62 925 ·
192 901 256 976 pro
283 873 426 950 servitio
450 874 625 947 duntaxat
650 870 874 947 ecclesiarum
908 868 1052 945 suorum
1078 867 1393 944 monasteriorum.
1418 865 1530 958 Cujus
1566 868 1730 941 declara-

123 972 126 977 ’
194 979 301 1054 tionis
327 976 492 1052 meminit
517 975 732 1062 etiam·(a)
759 969 938 1064 Barbosa,
965 970 1082 1070 estque
1105 993 1176 1046 una
1202 969 1247 1044 de
1271 971 1392 1045 relatis
1416 970 1454 1044 in
1480 972 1594 1044 citato
1609 966 1732 1043 Com-

194 1079 313 1178 pendii
339 1081 444 1154 loco.
470 1073 642 1151 l'raetetea
671 1096 729 1169 27.
756 1074 852 1173 Sept.
883 1081 992 1170 1659.
1031 1075 1068 1146 in
1094 1073 1256 1148 Deercto
1291 1070 1461 1147 Generali
1487 1071 1579 1169 apud
1615 1069 1731 1146 Card.

192 1179 336 1257 Petram
363 1179 436 1268 (b)
461 1175 583 1254 statuit
606 1177 732 1252 eadem
756 1174 1024 1274 Congregati0,
1050 1175 1144 1274 qnod
1170 1174 1294 1269 reliqua
1320 1171 1586 1272 pontificalia..
1610 1173 1731 1247 etiam

193 1283 239 1369 de
265 1283 408 1357 licentia
434 1280 696 1355 ordinariorum
716 1300 876 1354 exercere
901 1278 1129 1351 nonvaleant
1155 1274 1309 1350 Abbates
1327 1272 1503 1375 Episcopo
1524 1270 1733 1364 inferiores,

55 1418 58 1426 ·
196 1385 282 1485 puts
308 1404 563 1480 campanarum
598 1381 876 1471 benedidiones‚
914 1379 1100 1471 culicum,¹
1117 1383 1154 1454 dt
1186 1374 1380 1473 similium,
1406 1379 1444 1452 in
1470 1375 1592 1478 quibus
1628 1373 1734 1499 sacra

196 1484 384 1561 adhibetur
408 1484 537 1559 nussia.
1458 1552 1460 1555 ,

298 1586 464 1663 Tandem
489 1586 615 1659 endem
638 1582 880 1682 congregatio
909 1606 967 1658 22.
993 1581 1088 1680 Sept.
1115 1600 1222 1680 1703.
1248 1578 1444 1682 respondit:
1471 1580 1617 1657 Abbatis
1642 1564 1745 1658 ful-2

197 1688 312 1765 densis
336 1687 481 1762 Vicnrio
505 1686 675 1762 Generali
701 1686 953 1784 nonpotuit,
990 1709 1055 1758 ncc
1080 1686 1195 1784 potest
1219 1684 1396 1780 delegari,
1422 1699 1497 1761 tam
1535 1684 1735 1759 benedietio

196 1809 509 1890 paramentorum,
535 1811 645 1887 quam
669 1785 886 1874 consecratio
911 1811 1188 1885 campanarum,
1213 1791 1249 1864 dt
1269 1789 1420 1862 aliatum
1445 1810 1565 1864 retum
1590 1786 1628 1858 in
1653 1784 1734 1884 qui·
1768 1788 1771 1801 “

195 1893 259 1968 bus
283 1893 403 1968 undio
427 1889 534 1967 sandli
560 1889 756 1965 chrismatis
790 1889 1012 1980 intervenit,
1048 1894 1084 1965 dt
1109 1887 1367 1965 benediniones
1392 1907 1455 1985 aur
1491 1886 1729 1962 consecratio-

73 2051 76 2055 -
196 2018 257 2068 nes
282 1994 448 2069 halbenus
470 1992 492 2067 d
517 1991 612 2067 dislo
646 1991 792 2066 Vicatio
827 1989 996 2065 Generali
1022 1988 1120 2063 saslae
1155 1989 1361 2065 reiterandae
1399 1988 1518 2082 sunt,
1557 2007 1737 2089 quatenus

61 2126 64 2135 ·
195 2096 267 2170 hoc
292 2093 403 2193 potest
429 2091 503 2168 fieri
529 2090 600 2166 sme
625 2092 816 2184 scandalo,
842 2112 1073 2190 praeterquam
1103 2092 1221 2189 quoad
1246 2089 1326 2167 vasa
1366 2089 1463 2168 sacra
1489 2092 1561 2182 jam
1597 2089 1733 2166 adhibi·

197 2216 260 2289 ta,
285 2218 325 2272 ut
353 2192 458 2271 refert
486 2196 648 2270 laudatus
673 2191 783 2269 Card.
810 2192 954 2280 Petra(
992 2199 1029 2283 ).
1705 2214 1733 2257 ·’.

303 2298 352 2375 Et
377 2297 472 2397 quod
507 2322 582 2371 non
609 2296 706 2371 aliud
730 2296 782 2387 jus
817 2293 977 2370 obtineat
1005 2296 1041 2370 in
1068 2295 1201 2388 Indiis,
1240 2296 1299 2370 ubi
1325 2294 1485 2397 Episcopi
1512 2293 1613 2388 stmt,
1632 2290 1733 2378 ,sua-

207 2400 293 2474 dent
320 2398 509 2498 pontiliciae
532 2395 725 2480 decisiones
752 2398 788 2471 in
825 2397 955 2486 judicio
980 2397 1256 2472 contradidorio
1292 2396 1414 2490 fanu,
1442 2404 1520 2472 tum
1546 2400 1584 2474 in
1622 2393 1732 2470 cansa

204 2502 515 2600 angelopolitann,
543 2522 620 2575 tum
647 2502 684 2574 in
710 2500 779 2574 alia
804 2497 939 2572 Sanslae
965 2498 1062 2574 Fidei
1087 2502 1126 2573 de
1149 2506 1294 2600 Rogata,
1332 2501 1374 2573 de
1400 2499 1522 2598 quibus
1548 2495 1640 2575 insta
1669 2521 1732 2571 an-

202 2627 253 2676 no
282 2611 416 2696 1622.,
441 2607 477 2679 ὃ(
506 2599 640 2698 1648.,
666 2602 789 2700 quibus¹
814 2599 946 2674 iteratb
971 2601 1153 2676 decretum
1187 2601 1258 2694 est,
1285 2627 1358 2678 non
1385 2599 1477 2700 posse
1514 2599 1732 2699 lregnlari·

195 2704 259 2779 bus
285 2703 365 2780 vasa
391 2704 489 2780 sacru
514 2701 704 2777 consecrari
744 2725 804 2800 per
828 2698 962 2807 sacram
996 2705 1201 2777 undionem
1226 2704 1336 2778 etiam
1361 2729 1425 2800 pro
1460 2701 1613 2778 ecclefiis
1647 2724 1733 2799 pro·

195 2805 303 2903 priis,
327 2828 393 2879 nec
418 2825 632 2879 ornamenta
657 2805 745 2878 citra
771 2805 973 2878 unslionem
998 2803 1155 2879 benedici
1183 2829 1245 2900 pro
1272 2806 1416 2879 alienis.
1451 2801 1559 2901 Quod
1595 2800 1746 2878 intelli=³=

194 2904 248 3004 git
273 2902 502 2982 Reiffenstuet
527 2904 624 2998 (d),
649 2906 736 2980 dum
761 2901 912 2980 facultas
936 2900 1043 2979 datur
1082 2903 1237 2981 absolute
1265 2907 1309 2981 ad
1344 2905 1649 2987 benedicendum,
1676 2900 1737 2976 se-'

196 3030 258 3081 cus
283 3004 311 3082 sr
335 3009 437 3082 detur
461 3008 658 3106 specialiter
681 3010 792 3083 ctiam
819 3006 865 3081 ad
888 3005 1166 3082 benedicendum
1191 3026 1255 3105 pro
1280 3009 1402 3082 alienis
1438 3007 1608 3084 ecclesiis:
1642 3028 1738 3104 qua·

196 3110 232 3182 le
257 3110 478 3207 priuilegium
504 3106 793 3207 concessumesle
820 3109 870 3184 ait
895 3109 1064 3185 Prioribus
1090 3088 1297 3193 Ordinisls.
1324 3110 1561 3206 Hieronymi,
1598 3116 1634 3186 dt
1669 3106 1737 3180 Vi-

190 3210 298 3294 eariis
323 3212 361 3285 in
386 3210 540 3288 absentia
568 3210 719 3305 Prioris,
746 3217 781 3290 bc
803 3210 947 3285 cuilibet
971 3210 1114 3287 habenti
1136 3213 1326 3310 principale
1352 3213 1510 3309 regimen
1537 3207 1737 3303 cujuscum-

194 3335 265 3412 que
289 3312 490 3390 monasterii
517 3313 561 3390 ab
586 3313 800 3388 Innocentio
811 3310 942 3404 VIII.,
968 3317 1008 3387 tit
1034 3313 1163 3411 polsmt
1188 3313 1392 3392 benedicere
1419 3316 1643 3413 corporalia,
1673 3334 1738 3385 ve·

194 3411 384 3506 slimenta,
411 3434 594 3514 ceteraque
617 3435 831 3490 ornamenta
867 3412 1095 3490 ecclesrastica
1123 3415 1168 3488 ad
1192 3416 1352 3490 divinum
1378 3418 1515 3491 cultum
1555 3413 1735 3513 pertinen·

195 3516 271 3604 tia,
299 3533 375 3588 tam
400 3512 450 3587 sui
474 3512 701 3604 monasterii,
736 3540 841 3612 quam
879 3517 990 3588 ctiam
1015 3518 1227 3612 undecumque
1242 3521 1336 3605 ſsnt.
1363 3515 1469 3611 Qiod
1508 3517 1735 3616 priuilegium

195 3613 290 3711 apud
316 3615 469 3689 eundem
495 3612 651 3691 referunt
676 3614 897 3713 Rodriguez,
926 3616 1119 3710 Miranda,
1156 3617 1435 3696 &Pellizzarius
1457 3675 1468 3712 ,
1489 3645 1559 3699 nec
1592 3618 1750 3693 videtur*

195 3715 553 3810 incommunicabile,
579 3713 705 3791 saltem
732 3714 883 3814 respeelu
903 3716 1105 3812 Ordinum,
1130 3720 1253 3819 quibus
1277 3722 1404 3796 eadem
1431 3724 1526 3798 ratib
1552 3744 1630 3822 quae
1642 3717 1736 3793 Hie-

195 3816 385 3910 ronymitis
407 3815 526 3894 favet.
554 3817 602 3893 Et
627 3843 672 3893 eo
697 3813 793 3894 sorti
818 3820 944 3895 nititur
971 3822 1114 3898 illorum
1140 3825 1278 3923 praxis,
1303 3827 1362 3921 qui
1386 3850 1449 3923 pro
1474 3814 1736 3899 extrmeis‘be‘·

67 4000 85 4019 „
192 3918 353 3995 nedicete
378 3944 453 3996 non
479 3918 668 4011 recusant,
693 3920 738 3996 dc
761 3945 831 4021 qua
860 3919 1006 4002 testatur
1030 3925 1158 4025 Sporer
1183 3926 1277 4025 apud
1302 3924 1484 4020 Lactoix,
1510 3932 1546 4004 bc
1573 3904 1732 4024 ipseLa-

195 4021 334 4108 croix(
373 4027 410 4111 ).

297 4122 421 4197 Verius
446 4122 516 4216 esl,
543 4123 753 4200 benedicere·
774 4117 868 4222 p'osse
892 4130 1068 4225 regulares
1093 4151 1305 4205 ornamenta
1333 4130 1396 4231 pro*
1422 4129 1570 4206 ecclesiis
1595 4138 1726 4205 carnin

80 4318 85 4328 ,
117 4304 122 4313 ,
194 4221 461 4313 redublionum,
487 4247 562 4323 qun
588 4223 668 4300 sunt
695 4225 998 4306 administratione
1024 4227 1205 4307 Ordinum
1221 4286 1224 4290 -
1242 4235 1409 4330 proptiae,
1435 4233 1583 4334 quanvis
1616 4231 1732 4308 etiam

193 4320 261 4395 srnt
288 4324 333 4396 de
368 4321 623 4423 Episcoporum
659 4324 912 4422 jnril‘disllone,
950 4330 1139 4428 prrcsertim
1176 4331 1442 4410 stredndliones
1479 4332 1547 4409 sint
1580 4355 1624 4409 ut
1651 4330 1732 4408 sunt

192 4427 330 4520 plures,
357 4427 562 4524 appendices
598 4448 860 4527 convenntum‘
879 4432 915 4505 in
940 4434 1064 4530 quibus
1090 4435 1322 4533 collegialiter
1357 4439 1507 4513 vivitur.
1546 4433 1589 4510 In
1616 4433 1731 4512 Corn·

193 4526 329 4625 prndio,
349 4523 466 4605 Privil.
491 4528 572 4605 Soc.
599 4530 669 4624 (s)
696 4528 770 4629 post
805 4533 917 4608 relata
944 4537 1125 4634 privilegia
1161 4540 1322 4636 quaedam
1357 4540 1585 4616 benedicendi
1621 4562 1730 4614 oma-

945 4679 960 4695 ,
1572 4666 1676 4718 men-

230 4811 286 4883 (a)
307 4813 414 4884 Baths·
435 4818 539 4874 ΕΜ·
559 4820 649 4901 Deris
669 4823 731 4886 usp·
752 4824 784 4876 V·
804 4819 895 4878 Abas·
932 4840 934 4844 ’
1015 4800 1652 4902 (d)uersu.in'rir.1)ec0nsecr.8ccl.1o
1678 4851 1707 4898 ³·

229 4889 287 4958 (b)
307 4894 412 4961 Petra,
432 4911 498 4953 rem.
519 4915 546 4962 ι.
566 4896 607 4954 au
627 4900 708 4953 0.-6.
738 4895 801 4956 Urb-
822 4901 872 4954 IV.
903 4921 931 4957 u.
1019 4902 1072 4972 (c)
1092 4907 1233 4973 Lucroix,
1253 4907 1303 4965 lib.
1327 4931 1353 4975 ς.
1375 4910 1408 4967 Ρ.
1434 4930 1459 4965 a.
1479 4927 1508 4965 n·
1530 4929 1600 4977 353,-

194 4984 413 5110 appcpegptprpp.
430 5061 453 5104 t.
476 5069 501 5114 ς.
523 5049 606 5106 Μ
632 5070 643 5103 ²
669 5051 761 5112 aad
779 5053 823 5112 XI
844 5073 864 5113 n
887 5061 921 5109 η
1016 4979 1065 5055 (s)
1088 4985 1182 5053 comp.
1203 4985 1236 5040 V.
1258 4983 1508 5055 Benediceten.1.
1529 4984 1588 5046 Ed·
1613 5006 1701 5052 tm·
