3864 5686
812 318 1390 395 Onnrutrrours

659 557 1241 645 ORD1N1AT10
1343 550 1533 633 LXXVII.

704 700 711 713 ·
876 665 987 741 Anno
1013 658 1122 760 1548.
1153 681 1213 760 ¹3·
1238 656 1308 755 Jul.

335 873 447 1053 Flt
472 867 589 971 episco
636 872 678 945 lis
704 864 857 945 Ecclesia
884 862 1173 966 Composiellana
1199 863 1238 938 in
1261 862 1367 938 Nova
1392 860 1566 937 Gallaecia
1593 856 1653 937 sub
1676 856 1871 963 Archiepi·

433 971 545 1072 scopo.
608 973 777 1048 exicano.
804 968 893 1043 Inde
910 969 1200 1045 Guadalaxaram
1227 969 1399 1039 translata
1423 961 1473 1039 est
1492 962 1601 1041 Sedes
1618 986 1714 1041 anno
1743 972 1855 1064 1560.

329 1096 372 1151 ut
388 1074 501 1153 -habet
527 1074 578 1155 D.
604 1072 806 1151 Gonzatvn
829 1074 874 1148 dc
898 1069 990 1163 Paz,
1017 1073 1071 1147 vel
1100 1088 1233 1167 1570„
1259 1085 1303 1143 ut
1323 1064 1432 1142 habet
1456 1062 1622 1155 Hatera„
1651 1068 1692 1147 iu
1715 1062 1861 1146 Defert

248 1197 253 1209 '
332 1179 455 1283 ptione
481 1172 615 1252 Indiar.
641 1170 770 1251 Occid.

698 1378 1195 1460 ORDINATIO
1280 1377 1488 1459 LXXVIII.
1533 1374 1541 1387 ’

875 1489 988 1558 Anno
1018 1505 1125 1581 ¹549·
1156 1481 1213 1558 18.
1237 1480 1320 1561 Oe.

333 1686 461 1869 Ur
484 1683 617 1788 portent
642 1686 849 1787 minorant
875 1689 918 1762 te
943 1678 1225 1781 societatemn
1245 1688 1318 1776 (1)
1343 1685 1381 1759 tn
1407 1663 1505 1761 teins
1530 1679 1722 1760 infinitum
1746 1682 1858 1785 tuere

450 1791 689 1882 commorari,
714 1797 749 1867 dc
773 1814 855 1864 cunt
879 1787 1011 1865 eisdem
1036 1791 1115 1876 (ιι)
1141 1786 1359 1878 conversari,
1385 1787 1429 1862 de
1454 1787 1598 1861 licentia
1620 1806 1741 1861 tamen
1760 1782 1857 1861 Pru·

331 1889 439 1991 pofiti
464 1890 672 1983 Generalis,
699 1896 736 1968 δι
761 1890 804 1965 ab
829 1889 907 1987 ipsis
934 1912 1040 1982 tunc,
1067 1894 1104 1964 dt
1127 1889 1270 1986 quando
1295 1913 1355 1986 per
1382 1886 1471 1989 ipsas
1496 1888 1576 1963 illos
1601 1884 1745 1961 transire
1768 1890 1866 1962 cuni

332 1996 506 2090 tingeret,
531 1989 716 2067 necessaria
756 1995 834 2066 viru
868 1988 1050 2089 deposcere
1075 1995 1111 2066 ὅ(
1135 1991 1316 2085 recipere.
1352 1986 1406 2065 Ut
1431 1986 1636 2086 Praepofitus
1670 1986 1859 2083 Generalis

332 2086 422 2169 cum¹
455 2094 591 2190 aliquos
624 2116 668 2167 ex
692 2090 856 2167 fratribus
880 2091 939 2166 seu
976 2089 1076 2165 sociis
1102 2093 1140 2165 in
1162 2090 1440 2182 Saracenorum,
1476 2087 1725 2190 Paganoru'm‚
1764 2088 1855 2163 alio-

331 2217 479 2291 rumque
506 2191 700 2269 infidelium
737 2215 844 2268 terras
880 2191 1146 2283 remotilsrmaS,
1184 2192 1352 2291 aquibus
1384 2194 1459 2266 n'on
1484 2190 1597 2288 potest
1622 2191 1712 2266 adiri
1747 2188 1874 2265 Sedet

335 2294 564 2392 Apostolica,
591 2296 772 2386 mitteret,
811 2292 919 2394 pollet
942 2296 992 2368 eis
1026 2293 1233 2369 facultatem
1259 2292 1473 2387 concedere,
1500 2315 1539 2368 ut
1575 2288 1782 2368 christianos
1804 2288 1854 2367 ihi

320 2416 616 2488 commorantes,
642 2393 855 2469 confessione
880 2416 1106 2493 pcccatorum
1130 2392 1274 2470 suorum
1300 2395 1442 2488 audita,
1469 2398 1505 2470 &
1530 2394 1739 2492 poenitentia
1765 2390 1855 2468 salu-

334 2499 402 2575 tari
427 2496 604 2590 injunua,
628 2522 689 2570 eos
713 2502 750 2573 δι
774 2521 898 2573 eorum
923 2498 1113 2594 quemlibet
1138 2496 1182 2570 ab
1206 2497 1367 2572 omnibus
1392 2502 1428 2574 δι
1452 2493 1595 2593 singulis
1619 2518 1741 2570 eorum
1774 2508 1852 2592 peu*-

336 2599 450 2690 eatis,
477 2599 587 2673 etiam
613 2600 650 2672 in
674 2598 779 2673 Bulla
795 2598 926 2674 'Cunae
947 2596 1130 2689 reservatis
1157 2602 1281 2690 (ιιι),
1305 2602 1386 2677 &a
1423 2595 1710 2696 consequentibns
1735 2590 1856 2671 ceusu·

331 2701 379 2775 ris
404 2703 442 2777 δι
464 2699 577 2799 punis
610 2698 807 2790 absolvere,
845 2704 880 2775 δι
906 2723 988 2773 cum
1021 2700 1064 2773 iis
1088 2699 1147 2797 qui
1173 2699 1219 2774 ab
1254 2697 1463 2774 infidelitate
1489 2700 1740 2774 convertuntur
1776 2716 1856 2772 tan·

334 2796 436 2892 titm',
461 2805 496 2877 δι
522 2801 560 2875 in
585 2798 672 2873 locis
696 2797 962 2889 remorilsunis',
999 2800 1059 2897 qui
1086 2801 1179 2897 prius
1204 2802 1242 2875 in
1277 2790 1440 2897 g‘radibus
1466 2824 1542 2874 non
1566 2801 1704 2891 licitis,
1728 2816 1862 2885 tamen

334 2904 410 2998 lege
434 2900 555 2976 divina
581 2924 656 2974 non
681 2900 863 2998 prohibitis
889 2906 904 2989 <
918 2905 988 2989 tv)
1014 2901 1248 2980 matrimonia
1285 2922 1558 2993 contraxerant,
1587 2922 1628 2976 ut
1652 2899 1688 2975 in
1718 2898 1855 2974 eisdem
1927 2936 1929 2943 .

330 3026 476 3077 manere
503 2998 656 3099 pollent,
693 3000 919 3099 dispensare:
958 3002 1064 3076 acin
1089 3003 1176 3078 locis
1209 3004 1377 3099 praediuis
1409 2996 1650 3079 remutiffrmis
1681 3024 1857 3101 quacum

329 3128 397 3203 que
424 3106 528 3195 (v),
554 3102 734 3194 ecclesias,
759 3103 969 3202 hospitalia,
995 3108 1032 3178 dr
1057 3105 1127 3177 alia
1150 3105 1208 3202 pia
1233 3105 1347 3197 loca,
1382 3124 1424 3177 ut
1448 3106 1634 3203 expediens
1668 3101 1758 3181 soret
1782 3104 1853 3178 eti·

330 3229 435 3303 gere,
460 3230 503 3279 ac
528 3206 640 3280 etesia
666 3201 890 3296 reformare,
928 3203 1001 3278 stne
1027 3205 1172 3294 alicujus
1208 3205 1410 3304 praejudicio
1435 3209 1569 3294 (v1)‚·
1596 3213 1633 3284 dr
1669 3204 1775 3280 vestes
1799 3200 1854 3277 sa·

332 3307 708 3401 cerdotales‚pallas‚
744 3307 960 3403 corporalia,
997 3307 1146 3388 calices,
1174 3306 1322 3398 altaria,
1350 3308 1553 3381 coemeteria
1591 3304 1858 3405 (stepiscopus

331 3407 527 3505 catholicus
576 3409 611 3478 ui
636 3431 679 3481 ea
708 3404 864 3497 faceret,
899 3404 945 3479 ibi
981 3430 1053 3478 non
1080 3404 1247 3497 adesset)
1282 3408 1640 3500 benedicere(v11),
1667 3415 1703 3485 δι
1737 3403 1858 3505 prosa-

334 3524 438 3579 natas
464 3432 633 3611 eecleiac
649 3508 877 3579 reconciliare
902 3502 1067 3602 possent.
1105 3506 1152 3581 Et
1178 3533 1405 3608 quaecumque
1433 3507 1563 3584 statuta
1599 3506 1857 3586 &ordinatio-

332 3622 395 3679 nes
418 3601 561 3701 desuper
585 3603 773 3679 necessaria
801 3601 1086 3698 sacere'(vr11),
1116 3608 1249 3704 iliaque¹
1279 3611 1464 3710 postquam
1488 3607 1581 3686 fasta
1620 3606 1751 3701 essent,
1774 3616 1859 3705 ritu·

318 3722 433 3796 tate,
460 3705 633 3797 alterare,
658 3730 700 3780 ae
726 3707 795 3781 illis
820 3707 968 3780 addere.
1005 3710 1058 3781 Ac
1092 3704 1283 3807 Praeposito
1309 3711 1516 3813 provinciali
1543 3712 1581 3785 in
1617 3710 1686 3788 illis
1713 3700 1874 3809 laragia-¹

333 3807 410 3905 quis
434 3805 587 3902 partibus
610 3804 779 3902 residente
803 3808 1014 3898 decedente,
1040 3810 1184 3884 interim
1210 3812 1296 3888 dum
1322 3814 1409 3890 alius
1434 3836 1495 3913 per
1519 3810 1754 3911 Praeponam.
1775 3808 1858 3891 snei

336 3909 495 3981 neralem
519 3909 743 4003 mitteretur,
770 3911 853 3984 loco
876 3906 1054 4008 Praepofiti
1089 3912 1288 3990 decedentis
1313 3918 1425 3991 alium
1459 3914 1587 4012 eligere
1612 3911 1719 3991 libere
1752 3914 1792 3989 dt
1813 3910 1859 3987 li·

333 4007 403 4082 citi
429 4010 610 4085 valerent.
638 4009 684 4084 Ει
721 4013 803 4111 quia
829 4013 867 4086 in
902 4010 1095 4088 numerosis
1120 4016 1255 4112 populis
1289 4018 1431 4092 illatum
1455 4016 1640 4113 regionum
1678 4034 1781 4091 tanta
1803 4008 1863 4089 est

333 4107 555 4187 sacerdotum
580 4113 728 4205 raritas,
754 4132 794 4187 ut
818 4136 907 4189 unus
932 4116 1086 4211 plurium
1112 4120 1321 4214 populorum
1346 4142 1467 4195 curam
1491 4116 1659 4216 suscipere
1690 4114 1815 4190 debeat
1843 4166 1859 4207 ,

334 4230 375 4281 ut
410 4208 461 4279 bis
494 4210 623 4288 eadem
656 4212 713 4287 die
747 4214 888 4288 diversrs
922 4218 1008 4291 locis
1044 4217 1216 4291 celebrate
1252 4223 1439 4294 valerent.
1464 4218 1576 4295 Extat
1613 4212 1790 4295 conceffio
1812 4214 1863 4289 in·

330 4306 453 4409 Consi.
479 4311 573 4386 Licet
598 4309 764 4407 debitum,
792 4317 888 4405 cujus
911 4314 1087 4417 estpars,
1114 4318 1152 4391 in
1177 4317 1309 4397 Bullar.
1328 4318 1417 4396 Soc.

755 4484 1459 4603 Annonarromem'

380 4718 450 4807 (ι)
475 4714 562 4791 Haec
596 4718 698 4795 Pauli
724 4720 838 4799 Tertii
864 4750 946 4801 cum
981 4730 1120 4828 reliquis
1145 4750 1222 4804 tum
1248 4726 1337 4821 suis,
1376 4750 1454 4806 tum
1480 4726 1709 4806 successorum
1743 4719 1859 4823 usque

327 4814 376 4892 ael
396 4818 552 4990 primam
575 4820 742 4897 inclusive
767 4824 869 4900 Pauli
893 4824 1019 4925 Quinti
1045 4834 1273 4930 incipientem
1296 4835 1474 4948 Quantum
1497 4830 1612 4930 religio
1637 4833 1674 4905 in
1708 4824 1854 4921 Editio-

327 4940 372 4991 ne
417 4916 552 4997 nstitutt
577 4920 740 5021 Pragensr
765 4931 940 5006 contentis
964 4930 1039 5006 usui
1077 4933 1236 5029 permissa
1260 4929 1332 5009 suit
1366 4960 1410 5010 ex
1433 4932 1585 5011 Senatus
1609 4928 1744 5012 Indici·
1763 4950 1854 5001 con·

330 5014 421 5093 sulto
447 5045 506 5118 per
541 5026 676 5121 regiam
709 5026 912 5107 schedulam
948 5030 1100 5135 Philippi
1137 5034 1254 5113 Tertii
1269 5036 1403 5115 datam
1438 5039 1477 5112 in
1509 5028 1853 5211 SaneiieLasrgmrii

189 5140 329 5344 Ὗ
607 5151 610 5155 ’
785 5156 788 5160 ’
1320 5162 1331 5181 ·
1486 5181 1488 5185 ·
1638 5156 1673 5234 5·
1744 5148 1797 5239 et·

1740 5372 1791 5433 ,s
