3856 5678
225 291 301 396 3ss
659 284 1243 365 Onoiniriouns

170 435 229 512 sod
255 437 280 512 a
302 433 360 511 die
386 431 485 529 regiae
509 427 811 526 praesentationis,
837 422 896 503 seu
920 430 1043 528 gratiae
1069 429 1089 503 a
1115 431 1219 528 Rege·
1239 426 1358 521 satia,
1385 424 1497 526 potest
1523 425 1560 502 id
1583 427 1623 502 in
1647 446 1710 501 re·

171 541 273 637 giam
294 529 725 611 munificentiamreferri
747 530 1027 633 supererogantis
1051 534 1094 608 de
1118 533 1326 609 vacantium
1350 528 1514 607 fiinibus
1542 532 1582 607 in
1605 524 1707 606 savo·

172 664 251 717 rem
299 636 496 711 raesentati.

226 666 345 828 Malioi
368 737 420 817 est
444 737 652 831 difficultas,
677 764 790 836 qnam
813 737 926 814 versat
950 734 1165 815 Solorzamis
1190 741 1271 829 (a)
1304 736 1349 812 de
1376 733 1534 810 translati
1570 728 1706 822 jurisdi-

173 842 313 933 ἃίοιιε,
351 839 373 914 a
404 866 478 940 quo
503 861 662 938 ternpore
686 843 789 916 cesset
816 843 856 915 in
890 838 1048 916 Ecclesia
1072 838 1095 911 d
1120 867 1206 937 qua,
1241 841 1328 914 dum
1355 857 1499 936 accepta
1524 833 1575 910 est
1608 837 1704 933 regia

175 944 221 1020 de
246 944 472 1040 promotione
497 943 687 1035 schedula,
713 949 749 1019 bt
774 940 929 1041 suscepta
954 941 1216 1018 administratio
1232 939 1383 1017 ecclestae
1408 940 1451 1012 ad
1475 963 1597 1035 quam,
1616 960 1704 1012 nou·

75 1101 85 1143 ,
181 1047 270 1123 dnm
298 1067 419 1122 tamen
443 1045 581 1123 constat
606 1071 655 1121 an
678 1052 713 1121 dt
739 1049 882 1144 quando
907 1046 1078 1140 expeditae
1104 1042 1172 1119 sinr
1208 1045 1310 1119 bulla
1337 1041 1581 1119 translationis
1604 1095 1618 1133 ,
1643 1060 1708 1114 nee

86 1150 89 1155 ’
177 1145 409 1223 confirmatio
431 1172 497 1245 per·
527 1147 772 1231 Pontificem.
807 1147 879 1244 Qui
906 1144 1011 1221 callis,
1038 1145 1332 1245 frequentissimus
1368 1144 1565 1218 occurrit..
1596 1140 1647 1217 Et
1670 1144 1708 1218 io

124 1284 135 1291 ’
176 1248 335 1326 Dioecesi
358 1250 597 1342 Tucumaua,
621 1252 709 1325 dimi
734 1250 809 1324 liaec
844 1249 1039 1326 scribuntur
1071 1250 1123 1339 jus
1148 1249 1234 1322 dicit
1260 1248 1422 1323 Vicarius
1447 1244 1638 1321 Generalis
1672 1248 1704 1322 ds

176 1349 341 1427 Provisor
366 1352 574 1451 constitutus¹
601 1354 645 1426 ab
670 1352 727 1427 lll.
754 1352 998 1449 Argandoiia,
1025 1354 1083 1450 qui
1109 1353 1185 1441 jam
1216 1351 1279 1425 din
1303 1349 1475 1447 gubernat
1511 1346 1707 1422 Archidioe·

178 1450 287 1527 cesim
310 1451 533 1544 Platenliim
559 1456 631 1553 qiib
655 1453 676 1529 ὲ
701 1454 930 1533 Tucumania
955 1456 1145 1528 translatus
1169 1450 1239 1527 est.
1276 1453 1399 1550 Neque
1427 1448 1578 1540 injuria,
1612 1447 1707 1546 quid-

179 1554 265 1654 quid
299 1556 398 1629 dicat
430 1555 675 1646 Solorzanus;
714 1583 802 1631 nain
826 1582 886 1656 per
919 1558 1057 1654 regiam
1093 1556 1328 1653 promotionis
1366 1574 1428 1626 aut
1467 1550 1711 1626 translationis.

179 1655 346 1730 schedam
378 1658 521 1731 tantiim
557 1658 694 1732 constat
730 1659 776 1732 de
801 1657 1068 1756 praesentatione
1101 1655 1194 1731 l'asla
1222 1658 1297 1743 jure
1334 1673 1579 1752 patronatus,
1614 1656 1653 1729 dt
1673 1652 1713 1729 de

177 1758 295 1856 petita
317 1756 592 1835 confirmatione
616 1758 821 1859 pontificia,
848 1781 888 1835 ut
913 1760 991 1858 quia
1016 1779 1266 1859 promoveatur
1289 1760 1344 1830 vel
1370 1751 1712 1847 tramseratur,nost

180 1859 231 1935 de
251 1860 326 1949 jam
348 1858 445 1939 sacta
468 1854 691 1959 promotione
717 1864 776 1937 vel.
797 1864 1058 1954 translatione,
1094 1885 1171 1959 quae
1196 1884 1272 1934 non
1296 1856 1363 1932 nisi
1389 1880 1458 1959 per·
1485 1855 1712 1955 apostolicum

174 1966 245 2052 flat
269 1965 466 2059 peragitur.
492 1961 663 2067 Qiandiu
689 1990 772 2040 vero
796 1988 871 2040 nori
884 1958 1021 2039 constat
1047 1965 1091 2036 de
1116 1960 1207 2035 saeta
1230 1961 1482 2058 promotione,
1508 1960 1709 2058 legitimum

181 2063 236 2153 jus
259 2064 375 2137 dicere
400 2066 513 2163 pergit
538 2065 764 2164 presentatus
788 2064 908 2164 perse
932 2068 987 2138 vel
1012 2089 1073 2161 per
1098 2063 1284 2138 vicarium
1311 2066 1330 2135 a
1357 2062 1391 2135 se
1418 2059 1649 2136 constitutum
1668 2063 1711 2135 iri.

183 2162 325 2239 dioecefi
349 2163 372 2237 ci
397 2193 487 2262 qua,
507 2169 678 2267 Alioquin
703 2165 846 2243 cessaret
872 2165 1063 2259 iurisdislio
1085 2186 1277 2265 antequam
1301 2162 1542 2241 innotesceret
1573 2186 1711 2263 promo-

185 2266 241 2343 tio
253 2321 271 2356 „
290 2263 350 2341 seu
374 2268 463 2344 dnm
485 2268 535 2345 est
560 2267 696 2368 prorsus
721 2270 888 2368 ignorata
903 2323 920 2343 ι
1230 2322 1233 2327 -

236 2366 358 2467 Inquit
382 2370 622 2463 Solorzanus,
655 2396 739 2447 eum
772 2375 832 2471 qui
859 2394 991 2445 novam
1016 2368 1217 2445 Ecclesiam
1240 2386 1426 2467 acceptat,
1461 2364 1633 2464 praesumi
1655 2388 1705 2441 rem

185 2470 362 2549 nuntiasse
384 2474 526 2549 veteri.
564 2474 634 2549 Sed
658 2499 728 2571 qua
763 2475 903 2550 ratione
930 2472 967 2546 id
992 2470 1231 2570 praesumitur,
1269 2496 1351 2546 cuin
1377 2465 1571 2568 Episcopus
1606 2469 1703 2544 solum

186 2593 331 2647 mutaris
356 2573 543 2655 Vicariunt
565 2601 631 2674 pro
654 2576 689 2649 se
714 2575 855 2651 absente
877 2576 940 2647 reli
964 2575 1084 2647 uerit?
1119 2574 1252 2665 Addit,
1279 2570 1443 2647 Ecclesiae
1478 2569 1675 2649 secundas
1688 2614 1701 2630 ·

187 2671 404 2770 sceptionem
429 2673 503 2750 elle
519 2675 617 2775 quasi
639 2678 912 2752 matrimonium
936 2600 1112 2771 spirituale
1136 2730 1148 2766 ,
1173 2700 1245 2773 qno
1272 2676 1453 2749 vinculum
1478 2675 1697 2772 cumprime

187 2771 385 2849 dissolvitur
408 2827 425 2850 t
443 2776 564 2851 Facile
597 2797 780 2871 negatur3
818 2779 987 2873 namqui
1014 2799 1160 2875 accepta
1197 2775 1360 2850 schedula
1398 2777 1496 2873 regia
1529 2777 1703 2852 secundant

188 2872 385 2954 Ecclesiam
408 2871 548 2973 suscipit
573 2877 861 2973 gubernandam,
886 2901 969 2952 eam
993 2875 1132 2976 suscipit
1157 2902 1235 2953 non
1257 2899 1298 2952 ut
1324 2877 1487 2974 sponsus,
1513 2876 1571 2953 sed
1595 2897 1637 2953 ut
1660 2895 1699 2951 tu

190 2997 250 3051 tor
276 2978 331 3050 vel
358 2998 523 3069 curator,
550 2977 610 3052 sed
633 2998 673 3054 nt
697 3003 814 3054 merus
840 2978 1126 3071 administrator,
1151 3001 1192 3055 ut
1218 3001 1347 3056 notum
1372 2977 1421 3053 est
1449 2982 1488 3053 iii
1511 2977 1595 3076 Jure
1618 2976 1700 3053 losi-

190 3103 257 3170 co,
284 3076 396 3175 usque·
418 3080 463 3153 ad
489 3099 646 3176 tempus,
673 3104 745 3179 quo
771 3085 792 3156 a
816 3081 969 3156 Summo
994 3081 1167 3158 Pontifice
1194 3106 1254 3179 per
1270 3084 1342 3171 fiat
1366 3078 1542 3174 definito,
1565 3087 1602 3159 δι
1621 3079 1704 3156 noti·

189 3179 481 3357 bgsatobiipcipip
500 3200 598 3256 tutor
623 3177 689 3259 csse
715 3187 752 3259 ὃ(
775 3180 959 3282 sponsus,
986 3185 1130 3261 vinculo
1154 3208 1237 3260 cum
1262 3186 1379 3285 prima
1404 3182 1605 3262 dissoluto..
1625 3179 1705 3277 Vide

192 3306 204 3356 i
245 3306 286 3356 ia
350 3310 403 3355 r.
482 3309 524 3376 9.¹
562 3350 565 3355 .

244 3383 348 3460 Alius
373 3302 555 3459 estlcasus
589 3384 864 3485 frequentissime¹
897 3412 1107 3483 occurrens,
1145 3391 1206 3489 qui
1230 3394 1267 3470 dt
1289 3389 1403 3465 niodo
1428 3390 1467 3465 in
1492 3388 1622 3465 vicinia
1655 3386 1706 3463 sti·

191 3485 348 3586 pendet,
370 3483 504 3562 scilicet
528 3487 724 3588 Episcopi,
762 3493 820 3591 qni
850 3496 924 3581 jam
948 3494 1082 3590 pridem
1108 3491 1221 3568 bullas
1246 3493 1382 3591 accepit
1418 3490 1709 3593 promotionis&

192 3589 425 3684 acceptavit,
451 3592 613 3666 nondum
640 3610 763 3667 tamen
790 3594 883 3670 adiit
916 3590 1157 3692 possessionem
1180 3594 1344 3670 Ecclesiae
1368 3594 1413 3668 ad
1438 3621 1559 3692 quam,
1594 3598 1631 3670 dt
1652 3588 1708 3666 Fa·

192 3685 337 3766 clessam
363 3686 386 3761 d
411 3718 474 3787 qua
501 3694 703 3788 gubernare·
733 3697 881 3794 pergit,
914 3695 1089 3793 Capitulo
1115 3695 1385 3775 dissimulante..
1414 3695 1631 3773 Solorzanus
1652 3695 1716 3768 loc·

193 3795 261 3868 cit..
280 3790 390 3867 haret
415 3792 541 3869 dubins
565 3797 609 3870 de
634 3797 732 3889 jure,
770 3796 829 3873 sed
854 3797 1007 3872 inclinat·
1041 3798 1087 3873 ad
1111 3801 1347 3897 negandum.
1384 3798 1558 3878 Nicolaus
1588 3794 1716 3874 Garcia

194 3899 286 3994 apud
312 3892 427 3995 ipsum
452 3899 671 3975 contrarium
697 3897 1145 3976 tenet..D0e0r1ndtcus
1171 3900 1358 3976 Machado
1385 3900 1456 3992 (li)
1483 3901 1606 3981 scribit
1632 3894 1721 3999 apud

188 3999 374 4079 Dianam:
400 4003 452 4074 La
474 4004 623 4099 primera
647 4001 811 4101 question
830 4024 897 4095 es,
914 4005 1060 4101 qnando
1082 4006 1122 4078 el.
1142 4003 1277 4103 Obispo
1301 4002 1361 4079 sue
1386 4003 1604 4103 promovido
1627 4002 1671 4080 de
1683 3992 1723 4076 sir

193 4100 319 4201 lglefia
332 4157 350 4194 ,.
369 4128 392 4196 y
417 4099 454 4175 se
478 4104 513 4178 le
535 4101 778 4201 despacbaron
804 4106 856 4179 lai
881 4106 980 4179 bulas
989 4160 1007 4198 ,1
1027 4101 1055 4180 si
1082 4127 1181 4181 antes
1205 4108 1251 4182 de
1272 4126 1395 4182 tomar·
1414 4103 1603 4203 possession
1626 4096 1722 4183 desi

193 4205 351 4301 segunda
377 4200 527 4299 Iglesia,
553 4205 590 4277 se
611 4206 694 4302 diga
719 4207 830 4282 havet
853 4208 1014 4301 vacado,
1040 4233 1063 4302 y
1088 4209 1222 4306 quedar
1248 4234 1295 4285 en
1317 4207 1398 4284 sede
1425 4226 1584 4286 vacante
1603 4203 1717 4305 sapis·

194 4329 318 4383 mera.
344 4302 428 4378 Esta
450 4303 611 4401 question
634 4331 679 4381 es.
696 4326 767 4385 tan
784 4312 943 4402 renida,
975 4334 1050 4409 que·
1078 4315 1178 4387 viane
1204 4311 1231 4386 a.
1260 4310 1313 4387 ser
1339 4334 1482 4387 comun
1498 4328 1631 4387 contra
1661 4328 1725 4382 co-

192 4432 303 4483 mun.
330 4404 390 4482 La·
411 4427 514 4505 parte
537 4405 749 4486 affirmativa
785 4413 923 4510 deque
957 4414 993 4488 la
1019 4410 1147 4510 Iglefia
1182 4436 1233 4489 no
1257 4414 1373 4515 queda
1410 4438 1456 4491 eu
1482 4414 1540 4491 tal
1561 4406 1647 4487 caso
1680 4430 1728 4482 en

192 4508 273 4588 sede
298 4530 469 4604 vacante,
492 4508 678 4587 defienden
701 4538 774 4589 una
799 4512 909 4611 glossa
935 4539 958 4608 y
983 4537 1080 4590 otras
1102 4517 1271 4608 miicbos,
1297 4542 1321 4612 y
1344 4540 1414 4616 que
1439 4516 1551 4614 puede
1576 4514 1612 4590 el
1620 4504 1726 4587 'obis-

194 4639 243 4713 po
268 4614 458 4692 continuar
483 4611 522 4690 su
544 4612 753 4707 jurisdicion.
773 4640 839 4715 por
861 4613 943 4691 sib
974 4643 1039 4717 por
1059 4612 1110 4693 su.
1127 4614 1276 4695 Vicaiio
1302 4620 1393 4696 todo
1416 4621 1451 4696 el
1489 4619 1629 4715 tiempo
1660 4630 1729 4714 que

1607 4736 1684 4791 tar·

234 4903 291 4975 (a)
313 4906 418 4964 Sostra.
438 4924 503 4969 tom.
526 4929 552 4961 ι.
571 4910 614 4966 De
632 4909 697 4967 Iud.
710 4916 773 4977 sur.
793 4909 815 4965 l.
836 4930 863 4977 3·
884 4930 908 4970 t.
932 4932 996 4980 πμ,
1016 4915 1055 4971 Et
1074 4912 1127 4972 sib.
1149 4936 1176 4982 a·
1193 4916 1282 4976 Posit.
1299 4935 1361 4983 cap.
1386 4934 1430 4983 ¹3·

230 4978 285 5051 (b)
306 4983 403 5042 Macb.
423 4986 502 5051 apud
520 4986 609 5042 Dian·
627 4986 662 5043 P.
678 4990 712 5040 ’8.
730 5000 769 5045 tr.
790 5006 818 5053 4.
837 4989 872 5047 R·
893 5011 960 5059 33»,
981 4990 1111 5052 Coardt‘n.
1129 5007 1167 5056 to·
1188 5012 1217 5065 3·
1236 5012 1276 5060 tr·
1299 5015 1326 5065 s·
1345 4994 1382 5053 R·
1400 5002 1429 5051 6·
1447 4988 1520 5055 Vide
1538 4988 1685 5051 &scalo-
1705 5003 1737 5039 δι

186 5059 223 5119 Ρ.
245 5078 291 5117 1¹·
308 5061 354 5123 De
370 5062 551 5137 Benefkvap.
567 5073 597 5122 ί.
615 5079 695 5124 nuta·
713 5068 762 5136 ιι.
782 5073 821 5126 &⁴
833 5066 896 5140 seq.
911 5083 984 5141 m.
1005 5088 1080 5141 aas.
