3864 5686
64 1520 72 1536 ·
211 1493 271 1589 qui
296 1492 409 1568 modis
432 1448 552 1584 ohijcit

272 346 347 442 am
477 339 482 349 '
701 334 1273 426 Onprntrionss

216 476 396 567 curanda;
423 474 554 550 ibidem
579 475 702 573 quippe
726 476 851 567 docet,
875 477 970 574 quod
995 476 1141 564 Christus
1166 474 1475 570 botsacramentiim
1499 479 1746 577 nminilitrrit,

215 576 274 651 sed
299 577 478 652 Ecclesia.
501 579 599 673 quod
625 577 669 651 ab
695 574 895 652 adversariis
920 578 1033 655 modo
1058 579 1180 655 nostris
1205 603 1280 655 non
1307 578 1545 656 admittitur.
1570 584 1631 658 -Ad
1658 608 1745 659 con·

214 675 329 753 sirm:
321 677 561 754 ·Conciliutn
584 676 834 775 coloniense,
860 680 992 776 scilicet
1019 680 1179 756 Primum
1214 681 1428 757 celebratum
1453 681 1497 757 ab
1532 682 1748 761 Hermanno

214 778 512 898 Archiepiscopo,
537 782 596 879 qui
622 780 741 879 postea
767 784 813 857 ad
839 805 955 881 partes
978 783 1226 858 haereticorum
1252 781 1296 855 ab
1320 782 1463 858 ecclesia
1487 783 1642 879 defecit,
1667 803 1748 863 tan·

214 901 293 956 tum
318 885 453 980 inquit·
472 882 614 961 Docebit
639 882 813 982 parochus
839 887 1007 983 populum
1022 886 1118 989 quid
1143 881 1312 981 significet
1338 883 1513 979 chrisma,
1539 893 1576 963 δι
1600 912 1666 962 cur
1701 912 1747 964 οι

212 986 297 1058 oleo
321 987 423 1060 olivae
456 989 492 1062 lit
514 983 681 1064 balsamo
718 983 962 1077 conficiatur,
995 982 1299 1103 quemadmodum
1327 988 1466 1060 docebit
1500 942 1745 1066 hmbiridim.

112 1090 115 1095 ’
211 1079 319 1163 Unde
341 1087 473 1178 objedla
499 1088 657 1162 dodlrina
683 1111 756 1162 non
781 1085 829 1162 est
855 1041 1034 1180 Consilii,
1061 1087 1118 1162 sed
1144 1090 1216 1180 ejus
1240 1087 1317 1186 qui
1313 1086 1560 1163 Enchiridion
1585 1087 1741 1169 fabrica·

213 1207 269 1260 tus
293 1186 363 1264 est.
389 1189 440 1264 At
465 1188 743 1264 Enchiridion’
733 1213 771 1263 in
808 1188 928 1263 Indice
964 1190 1135 1267 Romano
1170 1186 1402 1286 proscriptum
1426 1188 1512 1280 est,
1551 1195 1587 1266 bt
1623 1189 1742 1270 Indici

212 1287 377 1386 Hispanae
402 1287 640 1391 Inquisitionis
663 1293 777 1365 multa
802 1291 899 1365 dedit
923 1291 1154 1389 expungenda
1178 1312 1218 1364 ut
1243 1312 1514 1387 expurgaretur.
1541 1288 1649 1367 Unde
1677 1318 1745 1371 nec

211 1393 464 1484 conciliarem,
488 1418 554 1466 nec
578 1393 704 1569 privati
731 1391 889 1471 authoris
916 1394 1172 1469 authoritatem
1196 1391 1322 1482 haber,
1348 1411 1388 1466 ut
1415 1392 1575 1482 alibi(a
1554 1394 1745 1495 a)inquit

642 1493 791 1570 Stiarcz.

313 1594 370 1672 Ex
394 1596 490 1670 dietis
516 1594 660 1687 inseres,
699 1596 744 1671 ad
780 1591 1038 1670 consedionem
1074 1591 1274 1668 chrismatis
1311 1540 1547 1668 indifferenter
1581 1594 1742 1673 adhstreri

211 1693 306 1795 posse
341 1697 651 1794 praeterjudaicum
675 1693 734 1772 seu
760 1697 1027 1772 alexandrinum
1054 1696 1232 1795 quodlibet
1243 1692 1437 1769 balsamum
1462 1721 1506 1771 cx
1533 1696 1640 1772 tribus
1652 1722 1748 1775 atne·

212 1801 363 1891 ricanis,
387 1797 456 1873 sive
480 1801 576 1896 quod
600 1822 644 1873 ex
668 1796 844 1890 Peruvi0,
870 1797 939 1871 sive
965 1799 1060 1895 quod
1086 1821 1129 1873 ex
1154 1799 1273 1888 Tolu,
1300 1794 1368 1869 sive
1392 1795 1614 1890 brasilicum,
1641 1794 1747 1896 quod

210 1923 254 1974 ex
281 1899 404 1975 arbore
429 1901 543 1997 copas,
568 1900 701 1999 copar'g,
727 1923 844 1996 copau,
870 1902 929 1975 uel
951 1901 1115 1998 copaiva,
1142 1921 1181 1973 ut
1208 1899 1302 1972 varie
1328 1899 1496 1993 appellari
1522 1896 1610 1973 solet
1632 1899 1746 1975 dillil·

210 2002 307 2079 latur
329 2025 480 2100 quotum
505 1999 690 2075 discrimen
715 2004 794 2076 vide
821 2005 912 2097 apud
940 2001 999 2074 cit.
1034 1998 1210 2075 Lemeri'
1200 2025 1238 2074 in
1264 1998 1513 2074 Dillionario.
1536 1998 1745 2077 Constatil

209 2103 301 2176 latio
326 2125 369 2175 ex
406 2105 588 2177 communi
622 2102 893 2198 Theologorum
928 2101 1101 2176 sententia
1127 2107 1163 2177 bt
1201 2102 1296 2198 praxi
1334 2100 1591 2198 Epil'coporum
1630 2102 1746 2179 etiam

208 2226 272 2302 per
296 2201 502 2320 Europam,
528 2204 571 2277 de
597 2229 665 2301 qua
693 2202 862 2278 testantur
888 2201 1165 2291 Tievuirtanrtl
1165 2207 1214 2292 )-.
1241 2201 1287 2275 Ει
1314 2200 1519 2277 Benedictus
1544 2201 1646 2278 XlV.
1656 2227 1744 2295 eam

211 2305 348 2402 praxim
376 2303 520 2380 testatur
546 2306 615 2378 loc.
643 2307 704 2379 cit.
730 2303 889 2381 obtinere
914 2304 959 2378 de
993 2304 1151 2378 baltamo
1176 2328 1219 2378 eii
1244 2305 1457 2379 occidentali
1484 2302 1627 2396 India,
1664 2310 1748 2383 nul

207 2408 301 2580 ls’
282 2404 375 2482 satia
410 2403 661 2499 distinetione,
700 2403 929 2485 transverso
966 2403 1117 2485 Constat
1154 2407 1237 2485 teto
1278 2403 1453 2483 transvehi
1479 2430 1524 2481 ex
1549 2406 1651 2481 omni
1676 2408 1744 2485 illa

224 2511 344 2604 pecie.

310 2609 358 2685 Et
383 2612 477 2686 ratio
503 2614 540 2686 in
565 2609 683 2686 nostra
708 2609 881 2685 sententia
907 2608 1046 2684 facilior
1071 2608 1142 2702 est,
1168 2612 1249 2707 quia
1276 2607 1476 2684 balsamum
1499 2608 1744 2698 cujuslibeter't

207 2709 306 2785 diliis
330 2710 454 2809 speciei
481 2711 530 2788 etl
555 2715 660 2807 liquor
685 2737 777 2807 quem
803 2711 850 2785 ιἰι·
874 2727 996 2785 vocant
1023 2710 1206 2804 balsamum
1230 2715 1325 2808 quod
1353 2714 1496 2786 tantum
1522 2713 1747 2827 requiritec·

91 2825 98 2833 '
208 2808 339 2905 clesta,
363 2835 414 2887 ur.
431 2838 494 2910 pro
521 2812 633 2886 Indiis
657 2814 817 2909 expressit
843 2814 1024 2887 ordinatio
1049 2810 1215 2909 praesens,
1242 2819 1277 2890 ὅ(
1303 2837 1366 2908 pro
1391 2811 1533 2909 Europa
1569 2814 1748 2912 interpro-

210 2933 308 2988 tatur
327 2867 560 2991 'ecclesiastica
585 2913 824 3016 consuetudo.
852 2939 979 3013 neque
991 2915 1087 2989 aliud
1112 2914 1257 3013 requirit
1283 2912 1492 2988 sacramenti
1518 2935 1670 3006 natura,
1686 2918 1748 2993 vel

207 3013 385 3092 institutio
407 3017 546 3092 divina.
583 3011 671 3108 Est,
704 3020 872 3114 inquam,
897 3016 1002 3112 liquor
1036 3016 1150 3113 primo
1150 2942 1345 3105 qliuidus,
1381 3017 1543 3111 quamvis
1578 3035 1748 3113 tempore

208 3141 396 3194 concretus
420 3122 472 3195 &
469 3118 670 3194 obduratus
693 3117 820 3192 servari
846 3117 995 3194 soleat
985 3137 1022 3192 in
1050 3107 1251 3216 apothecis.
1278 3070 1419 3190 Vocant
1448 3117 1494 3191 ibi
1519 3115 1748 3209 balsamum,

209 3243 275 3292 nec
301 3241 431 3295 vocant
458 3220 613 3311 temere,
639 3245 720 3296 cum
746 3218 1073 3318 qualitateshabeat
1099 3218 1330 3308 balsamicas,
1356 3220 1576 3293 nominatim
1588 3221 1747 3296 odorem

208 3326 260 3398 dt
270 3322 344 3396 vim
368 3321 569 3411 medicam3
596 3327 782 3420 &parum
808 3321 915 3398 refert
939 3322 1069 3417 quod'
1060 3346 1096 3393 in
1122 3320 1233 3393 aliis'
1224 3342 1315 3393 inter
1341 3316 1376 3395 se
1413 3316 1619 3411 differant,
1655 3320 1748 3398 lictu

207 3422 317 3496 etiam
343 3419 459 3494 differt
486 3425 607 3498 vinum
634 3424 790 3497 album-
765 3448 798 3496 -a
825 3423 955 3514 rubro,
981 3423 1066 3521 quin
1092 3441 1278 3518 propterea
1305 3421 1488 3497 censeatur
1514 3445 1642 3515 eorum
1683 3417 1746 3499 a-li‘

207 3523 338 3643 quod
324 3543 489 3639 ineptum
515 3526 576 3605 ad
587 3523 846 3600 conficiendum
871 3476 1087 3601 eucharistiae
1112 3523 1393 3601 sacramentum:
1420 3530 1456 3601 br
1481 3547 1574 3623 aqua
1601 3520 1748 3602 marina

209 3619 411 3719 aspirati,
436 3650 522 3705 cum
546 3642 694 3783 utraque
720 3621 763 3701 sit
778 3647 873 3721 apta
901 3626 946 3699 ad
971 3625 1244 3722 baptizandum.

541 3774 1123 3941 onnit'tiirio
1192 3827 1397 3913 cxxxiv.

302 4035 342 4110 T
364 4032 503 4110 Fratres
512 4034 694 4110 Ordinum
720 4033 1057 4111 Mendicantiumin
1083 4030 1270 4107 Indiarum
1297 4030 1453 4128 parribus
1480 4030 1745 4129 degentescum

168 4148 175 4164 ·
329 4138 503 4232 personis,
531 4161 606 4234 quae
634 4157 710 4219 tam
735 4161 778 4211 ex
805 4136 951 4229 delilto,
980 4160 1089 4232 quam
1113 4161 1156 4209 ex
1183 4132 1320 4208 desetlu
1348 4133 1647 4229 irregularitatem
1659 4157 1747 4209 eon-

208 4244 418 4327 traxerunt,
442 4235 542 4334 super
567 4262 609 4312 ea
637 4239 686 4319 in
700 4235 871 4334 aliquibus
896 4193 1029 4311 casibus
1053 4235 1248 4334 dispensare
1276 4233 1422 4332 possint.
1445 4231 1620 4310 Meminit
1643 4230 1748 4333 hujus

208 4290 472 4413 concessionis
462 4362 496 4436 tp
484 4264 533 4412 pse
556 4341 637 4437 qui
642 4336 727 4415 fecit
753 4337 942 4413 PiusV.
932 4363 968 4411 in
995 4335 1116 4415 const.
1142 4338 1210 4434 seq
1237 4333 1309 4435 Qii
1338 4336 1422 4412 verb
1447 4334 1525 4411 sint.
1543 4336 1595 4411 illi
1623 4332 1747 4431 casus,

142 4489 144 4492 -
206 4437 392 4537 inquibus
418 4365 555 4515 exhac
582 4439 834 4556 constitutione
861 4439 1107 4514 Mendicanres
1132 4439 1329 4533 dispensare
1367 4437 1529 4536 possunt,
1555 4439 1634 4535 quis
1659 4434 1748 4514 odis

60 4614 63 4625 ,
205 4541 341 4616 serat?
377 4540 487 4616 Forte
514 4541 594 4617 stitit
622 4544 697 4633 illi,
734 4542 792 4639 qui
831 4543 1058 4615 continentur
1094 4541 1129 4613 in
1157 4541 1362 4636 privilegio,
1388 4541 1483 4637 quod
1504 4537 1614 4636 supra
1651 4537 1745 4617 Ord.

207 4641 307 4723 xci.
334 4639 555 4720 referendum
566 4646 687 4741 putavi
713 4645 759 4720 ad
771 4662 909 4741 tempus
932 4640 1110 4717 PaulilV.
1121 4646 1322 4766 ,quodque
1343 4640 1399 4718 Ill.
1432 4640 1695 4819 Montenepro
1696 4645 1746 4732 (c)

1625 4768 1678 4818 cri

846 4872 1480 4899 m*
1484 4874 1748 4905 η’*

203 4988 347 5122 lisau
264 4980 383 5064 aldim
348 5004 618 5135 «menpinc-
495 4982 815 5043 .ee.DVri'iire.ullax
816 4983 1040 5053 emb-adhoc
1082 4980 1507 5053 (blMchdedetaloccr
1547 4978 1744 5056 (clMoirreir.

279 5085 303 5126 ι
324 5056 361 5121 r'r·
475 5080 605 5131 13.n.2
