3864 5686
420 329 910 414 Aeosaoiicii
965 355 1269 440 ¹430·*1450·
1510 363 1563 443 ς)

77 472 224 551 teratino
244 467 311 548 sub
334 469 498 573 Eugenio
523 476 590 552 IV.
618 477 839 555 inDecreto
864 475 967 569 fidei,
994 479 1053 554 ubi
1079 478 1248 556 definiens
1273 485 1463 559 materiam
1483 482 1611 561 confir.

76 577 249 651 motionis
275 577 406 674 inquit:
433 575 489 666 Eri
517 578 757 658 chrisma....
785 604 844 676 per
869 577 1083 676 Episcopum
1107 581 1327 658 laodicium.
1366 583 1463 679 Ergo
1495 607 1612 661 mate·
1647 658 1653 669 ,

76 681 129 754 tia
155 676 258 767 hujus
296 675 506 754 sacramenti
532 680 721 780 episcopali
758 680 997 756 benediflione
1059 685 1222 779 raeparm
1246 682 1435 762 necessario
1473 687 1574 761 debet
1600 737 1623 775 .,

75 777 173 854 Hinc
194 802 284 854 meo
309 780 439 868 iudicio
463 782 646 859 evidenter
672 779 842 873 insertur,
869 807 943 858 nori
968 808 988 878 p
1039 808 1059 858 e
1085 782 1232 881 simplici
1249 781 1423 861 sacerdoti
1447 790 1612 862 commit·

72 884 101 956 ti
128 907 151 955 a
177 878 353 956 Pomilice
377 881 576 959 chrismatis
603 886 911 975 benedictionem,
936 885 1018 982 quia
1042 883 1211 961 Pontifex
1245 910 1321 958 non
1348 886 1460 983 potest
1494 910 1613 964 mate·

75 985 167 1059 riam
192 984 298 1057 ullius
323 982 532 1059 sacramenti
571 1008 739 1061 mutare.
777 985 919 1060 Deinde
954 984 1157 1083 episcopalis
1183 987 1377 1062 benedillio
1403 1011 1468 1084 pro
1501 987 1611 1065 confi·

68 1084 200 1159 ciendo
224 1082 417 1160 chrismate
442 1111 486 1161 ex
508 1086 730 1162 institutione
755 1086 884 1161 Christi
910 1086 1081 1178 habetur;
1102 1085 1267 1164 Christus
1288 1089 1411 1182 enirn,
1434 1087 1523 1164 teile
1543 1090 1619 1183 Fi„

69 1187 182 1260 biano
205 1183 302 1282 Papa
330 1190 368 1261 in
392 1187 548 1285 Epistola
574 1189 621 1263 ad
645 1186 834 1286 Episcopos
859 1190 1068 1280 orientales,
1094 1189 1220 1265 docuit
1245 1188 1433 1285 Apostolos
1457 1194 1608 1267 modum
1639 1184 1643 1191 ’

70 1285 283 1362 conficiendi
309 1287 485 1381 chrisma,
512 1315 616 1386 quem
643 1287 798 1365 Ecclesia
821 1288 957 1386 semper
980 1288 1152 1366 serva-vit.
1189 1291 1241 1365 At
1266 1289 1423 1367 Ecclesia
1451 1290 1641 1392 simplici

72 1387 248 1476 sacerdoti
276 1415 457 1489 nunquam
479 1389 743 1466 confedionem
768 1395 945 1477 commisit.
1612 1396 1644 1497 Ἰ

176 1489 211 1566 F.
234 1492 377 1588 regione
402 1492 524 1568 Diana
551 1497 643 1584 (a),
670 1498 704 1568 dt
730 1493 822 1588 apud
845 1493 949 1566 'illum
973 1492 1124 1584 Scotus,
1146 1492 1273 1585 Sotus,
1299 1491 1516 1584 Caietanus,
1544 1494 1606 1570 Vi-

72 1592 188 1683 toria‚
214 1591 392 1683 Escobar,
417 1592 574 1670 Baunius
606 1615 761 1690 putant,
798 1618 871 1667 non
896 1592 963 1667 esse
1002 1594 1108 1691 usque
1135 1597 1224 1669 adeo
1248 1615 1418 1687 certum,
1455 1595 1610 1673 christia

69 1693 138 1767 erte
162 1694 448 1769 benedicendum
469 1695 514 1769 ab
549 1692 722 1793 Episcopo
747 1695 831 1793 quin
870 1693 972 1793 possit
998 1692 1163 1770 Pontifex
1199 1692 1416 1792 dispensare.
1453 1722 1487 1772 i.
1512 1693 1609 1793 Quia

70 1792 291 1870 siPontisex
328 1794 441 1894 potest
468 1797 702 1871 committere
727 1794 875 1893 simplici
910 1795 1085 1870 sacerdoti
1121 1795 1463 1873 administrationem
1493 1799 1610 1875 sacra·

70 1896 183 1971 menti
211 1894 524 1987 confirmationis3
561 1898 683 1997 quidni
708 1899 820 1971 etiarn
856 1895 959 1996 possit
983 1899 1208 1974 committere
1229 1897 1434 1979 chrismatis
1469 1899 1610 1980 benedi-

70 2000 251 2090 trionem,
277 2002 372 2097 quod
397 1998 446 2074 est
471 2001 615 2073 minus?
639 1996 800 2094 ,acha
824 2002 921 2074 ratio
947 1998 1123 2096 potissima
1148 1999 1328 2076 sententiar
1354 2004 1540 2077 contrariae
1557 2001 1606 2076 est

70 2096 220 2176 Parrum
245 2105 282 2178 bt
304 2099 555 2178 Conciliotum
578 2101 776 2178 authoritas
799 2099 1013 2198 Episcopum
1037 2103 1213 2199 requirens
1239 2102 1286 2177 ad
1317 2100 1609 2179 benedicendum

67 2205 106 2278 dt
127 2199 408 2278 consecrandum
433 2201 602 2281 chrisma.
620 2206 681 2279 'At
707 2202 834 2279 eidem
861 2200 1079 2277 authoritate
1117 2203 1302 2300 requiritur
1339 2202 1531 2303 Episcopus
1558 2203 1605 2282 ad

68 2300 379 2381 confirmandum.
405 2304 503 2403 Ergo
528 2303 555 2380 sr
581 2309 619 2382 in
643 2305 713 2382 hoc
747 2300 830 2381 casu
854 2305 937 2379 licet
962 2305 1210 2402 interpretatio
1251 2305 1298 2382 de
1324 2304 1485 2382 miuillro
1509 2307 1608 2382 ordi·

69 2407 200 2497 natio,
224 2407 347 2507 quidni
374 2409 546 2483 lice'at'in
575 2410 720 2507 primo?
1070 2456 1074 2475 .

172 2507 296 2606 Neque
321 2509 435 2586 obstat
459 2510 557 2607 quod
582 2506 749 2585 Pontifex
772 2511 884 2583 rarius
904 2505 1152 2605 dispensaverit
1170 2506 1384 2587 facultatem
1404 2509 1625 2593 benedicam,

68 2605 108 2679 di
135 2632 245 2704 quarn
265 2611 523 2703 confirmandi,
551 2608 577 2685 si
602 2613 657 2685 vel
681 2609 789 2685 semel·
809 2608 861 2688 est
887 2608 1156 2707 dispensatum.
1193 2610 1294 2687 Nam
1325 2610 1430 2689 causa
1456 2637 1529 2689 non
1555 2613 1625 2689 dt.

66 2704 276 2804 spensandi,
302 2711 600 2811 vel'dispensairdi
626 2713 759 2801 rarius,
785 2709 850 2788 esse
877 2709 991 2810 potest
1013 2714 1135 2787 minor
1160 2712 1372 2803 necessitas,
1397 2739 1482 2790 etun
1518 2712 1623 2793 faci,-‚

69 2808 136 2882 lius
165 2810 285 2888 baberi
322 2814 425 2914 possit
460 2813 612 2890 chrisma
650 2814 693 2890 ab
717 2812 891 2910 Episcopo
920 2813 1168 2906 heredium,
1193 2840 1303 2912 quam
1336 2813 1526 2914 Episcopus
1562 2816 1626 2889 ad.

70 2909 377 2990 confirmandum.
405 2916 521 2991 Pavor
547 2937 667 2992 autem
693 2918 731 2990 in
768 2914 980 2988 sententiam
1006 2916 1225 2991 contrariam
1259 2917 1440 2994 derivatus
1475 2941 1518 2990 ex
1544 2917 1609 2990 du-

72 3009 146 3105 bio,
166 3016 271 3114 quod
297 3016 503 3092 Benediflus
528 3016 680 3092 insinuat
706 3041 765 3114 per
790 3015 965 3107 verba,ſs
989 3044 1052 3110 qua
1072 3018 1158 3104 fides
1178 3017 1354 3115 wadingo,
1378 3015 1462 3098 satis
1485 3040 1610 3114 repen·

74 3111 162 3190 ditur
187 3116 312 3192 favore
340 3115 523 3191 sententiae
546 3115 673 3188 nostrae
699 3115 915 3189 accrescente
939 3139 984 3189 ex
1009 3139 1054 3190 eo
1078 3117 1179 3213 quod¹
1197 3142 1273 3191 non
1299 3120 1499 3214 impugnat.
1520 3121 1607 3202 diu-n

76 3213 199 3293 refert.
228 3215 291 3290 De
314 3214 484 3291 Concilio
518 3214 751 3306 Florentin0,
787 3217 891 3290 &de
916 3215 1065 3289 Fabiani
1100 3216 1247 3312 epistola
1274 3217 1354 3296 vide
1392 3215 1486 3292 infra
1511 3222 1648 3304 anno}

80 3337 181 3412 ¹571·
213 3343 247 3394 a„
274 3315 367 3415 Aug.
395 3315 485 3390 Ord.
516 3336 601 3413 133·
628 3314 764 3404 objett.
796 3337 829 3388 r.
856 3320 892 3390 be
919 3338 952 3388 2.
1308 3358 1311 3371 ›
1595 3364 1600 3377 ‚

168 3420 218 3497 Et
239 3420 340 3520 quod
369 3419 415 3493 ad
438 3415 647 3492 Concilium
673 3418 826 3508 attinet,
855 3413 925 3490 sive
945 3413 1143 3491 Decretum
1165 3411 1248 3492 fidei
1276 3416 1315 3491 in
1338 3415 1508 3492 Concilio
1526 3445 1607 3516 pro-

73 3523 293 3618 mulgamm,
321 3520 417 3596 idem
441 3516 607 3596 Pontifex
625 3518 802 3618 Fargenius
824 3516 889 3590 tv.
917 3519 976 3615 qui
1003 3516 1133 3593 author
1152 3517 1208 3594 est
1233 3519 1389 3610 decreti,
1415 3517 1484 3596 fuit
1504 3524 1606 3618 quin·

70 3646 133 3720 que
159 3622 234 3721 post
259 3623 360 3698 annis
385 3624 506 3698 relatae
539 3617 890 3719 dispensationisseu
926 3619 1099 3717 privilegii
1126 3620 1276 3696 author.
1316 3618 1361 3694 Id
1386 3620 1471 3695 verb
1505 3648 1608 3720 argu-

71 3743 189 3800 mento
214 3724 294 3816 est,
319 3747 394 3800 non
420 3721 495 3799 fieri
533 3721 778 3824 impossibilem
804 3743 847 3795 ex
882 3720 1028 3796 decreto
1053 3720 1351 3820 dispensationem
1387 3718 1605 3820 facultatis,

70 3843 105 3901 ut
126 3826 231 3927 pollii
254 3825 416 3906 sacerdos
440 3824 584 3928 simplex
610 3821 763 3902 chrifina
783 3844 872 3900 cum
896 3820 1059 3898 Fabiano
1084 3824 1129 3896 de
1153 3821 1311 3901 Bacchia
1336 3817 1533 3897 conficere.
1580 3870 1591 3887 ..

507 4073 1012 4164 ORDINATIO
1112 4071 1178 4148 IV.
1336 4098 1338 4102 ’

138 4383 140 4386 -
224 4337 423 4440 Alphonsus
448 4340 494 4413 V.
521 4338 748 4437 Portugalliar
782 4337 863 4415 Rex
884 4331 990 4434 possit
1014 4325 1253 4431 quoscumque
1283 4328 1499 4423 Saracenos,
1534 4322 1603 4408 Pa-

183 4465 319 4540 ganos,
347 4469 388 4518 ac
412 4469 544 4542 regna,
570 4443 739 4533 ducatus,
766 4445 803 4517 ὅ(
826 4437 1013 4527 dominia,
1041 4431 1282 4532 possesiones,
1310 4455 1352 4513 ac
1377 4431 1547 4525 mobilia,
1567 4437 1605 4511 bt

72 4538 265 4622 immobilia
289 4547 419 4638 bona,
458 4569 604 4646 percos
640 4543 785 4618 detenta
812 4561 916 4638 atque
953 4533 1095 4635 possessa
1122 4536 1354 4633 conquirere,
1393 4534 1609 4631 illorumque

74 4645 231 4737 personas
259 4651 298 4726 in
325 4669 530 4748 perpetuam
556 4646 761 4722 servitutem
787 4641 966 4739 redigere,
1006 4663 1047 4713 ac
1070 4637 1166 4720 bona
1205 4634 1266 4720 fibi
1301 4641 1338 4714 dt
1362 4634 1605 4727 suecessoribus

71 4749 261 4844 applicare.
288 4749 470 4828 Concessrt
495 4750 666 4826 Nicolaus
692 4748 764 4839 V.,
789 4763 829 4821 ut
856 4738 963 4818 refert
990 4736 1060 4838 ipse
1085 4736 1280 4838 orareq,
1305 4739 1604 4835 intelligentiaque

167 4865 195 4883 ..
719 4889 731 4914 Ι
1466 4864 1551 4914 con-

103 5078 161 5153 (a)
180 5083 284 5144 Diana
304 5084 338 5143 P.
360 5087 385 5139 8.
405 5099 443 5145 rr.
467 5106 493 5140 r.
511 5085 547 5145 R·
572 5102 617 5138 ir.
637 5080 824 5143 Cardianus
844 5092 910 5140 rem·
928 5095 958 5148 ³·
976 5089 1015 5134 tr·
1038 5094 1063 5129 i·
1081 5075 1117 5135 R·
1139 5091 1185 5130 ³0-
