3856 5678
409 339 912 418 Aaosrourcn.
967 360 1077 436 1500.
1128 348 1240 439 1563·
1452 360 1520 438 ¹55

61 486 143 560 tiam
170 499 294 558 tencre
317 500 394 556 nou
420 483 575 577 poterit,
601 478 762 556 consulat
788 479 1023 579 Episcopum.
1060 478 1179 555 Nemo
1203 476 1288 553 verb
1313 475 1486 557 ludorum
1512 501 1575 558 aut
1722 496 1729 507 ·

57 584 271 683 AEtbiopum
298 582 342 656 ad
358 585 649 658 communionem
674 581 885 678 recipiatur,
911 579 975 656 nisr
1002 582 1131 679 proprii
1157 581 1325 680 parochi,
1354 603 1415 658 aut
1441 581 1574 663 confes-

56 684 137 761 soris
161 684 346 760 licentiam
371 681 498 782 scripto
523 683 584 759 fibi
610 684 733 759 datam
757 682 947 770 esorderit.

154 784 225 861 His
251 807 371 860 tamen
396 809 470 859 non
495 784 544 860 est
568 782 721 875 fassum,
747 785 790 858 ut'
811 787 996 884 reprobata
1021 780 1237 859 consuetudo
1261 783 1427 880 cessaret,
1453 803 1495 859 ut
1516 810 1576 883 pa·
1714 862 1729 881 ,

58 903 102 964 ter
123 910 172 961 ex
198 884 443 985 posterioribus
466 887 612 962 decretis
634 886 860 981 synodorum
883 885 1067 978 Lim-anae,
1092 884 1285 977 Platensrs,
1311 884 1577 988 Arequipensrs,

58 986 238 1081 rmum,
261 993 299 1064 dt
324 986 568 1085 Paraguariae,
593 1010 670 1085 quae
694 985 858 1084 sequente
882 985 1009 1063 succrlo
1034 986 1158 1063 XVII.
1186 988 1367 1064 celebrate
1391 992 1493 1065 sunt.
1518 987 1577 1064 Es

58 1088 175 1189 quibus
212 1087 371 1166 Pacensis
407 1090 528 1165 habita
565 1113 662 1164 anno
702 1090 810 1184 1638.
849 1087 909 1162 sub
944 1087 1000 1161 Ill.
1035 1088 1217 1163 feliciano
1251 1091 1295 1163 de
1329 1093 1362 1164 la
1397 1090 1498 1187 vega
1525 1088 1577 1163 in-

62 1192 135 1289 quit
158 1195 258 1280 (a):
284 1193 338 1266 Νι
357 1189 422 1283 yslo
447 1190 506 1265 hai
527 1190 728 1286 obligacion
752 1194 795 1264 de
820 1189 886 1263 dar
907 1192 943 1264 el
967 1188 1028 1264 SS.
1048 1190 1281 1265 Sacramento
1305 1192 1350 1265 de
1374 1192 1411 1267 la
1435 1189 1577 1267 Eucha-

56 1290 144 1367 ristia
172 1316 237 1389 por
262 1294 298 1366 la
323 1289 452 1390 pascua
478 1294 500 1365 d
525 1295 578 1364 los
602 1288 818 1388 Esparioles,
844 1302 1021 1387 paratque
1047 1292 1215 1388 cumplan
1247 1317 1318 1367 coo
1341 1294 1375 1368 el
1412 1313 1576 1390 precepto

57 1392 154 1468 dela
183 1390 617 1489 lglesu,s1norambien
643 1394 741 1466 {aulos
767 1391 907 1484 Indios,
934 1416 956 1485 y
982 1411 1081 1466 otros
1115 1391 1332 1489 qualesquier
1364 1392 1576 1468 christianos

59 1518 158 1568 como
184 1492 276 1581 hijos
301 1495 345 1568 de
371 1495 406 1565 la
433 1491 580 1589 Iglesra.
608 1492 640 1566 Y
667 1516 799 1590 porque
823 1515 869 1566 en
893 1513 1028 1587 quanto
1055 1494 1075 1565 ὲ
1101 1494 1152 1567 los
1177 1492 1298 1568 Indios
1322 1492 1358 1566 se
1382 1493 1428 1569 ha
1454 1516 1577 1570 enten-

58 1594 157 1686 dido,
183 1618 252 1693 quc
276 1594 324 1668 ha
351 1594 457 1667 avido
480 1591 645 1669 descuido
666 1618 717 1670 en
742 1592 814 1667 cllo
840 1591 980 1666 socolor
1005 1592 1050 1667 de
1074 1591 1195 1686 dccir,
1219 1620 1286 1692 que
1311 1620 1360 1668 no
1387 1598 1574 1670 tiencnca-
1626 1640 1640 1681 ·.

59 1695 201 1793 pacidad
229 1721 313 1793 para
338 1692 434 1785 esto,
459 1718 482 1788 y
508 1718 573 1792 que
599 1696 701 1769 viven
727 1691 1037 1767 licenciosamente
1063 1717 1107 1766 cn
1133 1693 1188 1768 sus
1214 1694 1448 1786 costumbres,
1473 1717 1576 1794 yque

59 1800 193 1873 lornas
217 1796 276 1870 del
302 1797 437 1892 tiempo
461 1795 500 1868 lo
524 1819 685 1894 occupan
708 1819 757 1873 en
780 1794 1028 1887 borracheras,
1052 1819 1077 1888 y
1102 1816 1199 1869 otras
1225 1794 1322 1871 cosas
1348 1796 1577 1888 indecentes,

58 1897 166 1993 yelie
192 1900 293 1972 dario
316 1892 351 1970 se
378 1899 489 1992 pucde
515 1897 633 1994 juzgar
648 1922 725 1996 -que
750 1897 898 1993 procede
923 1895 967 1968 de
993 1897 1028 1971 la
1052 1892 1142 1971 salta
1167 1898 1210 1970 de
1234 1896 1456 1989 ensefianza,
1483 1923 1506 1992 y
1530 1896 1577 1973 de

58 2024 99 2074 ιι
118 2000 351 2075 ἀοᾶιίιιιιιει
374 1996 430 2073 sus
455 2021 556 2072 curas
581 2022 652 2072 con
678 2001 712 2072 la
738 1995 973 2095 puntualidad
1008 2019 1076 2094 que
1100 1996 1214 2072 deben
1239 2022 1391 2099 paraque
1415 1996 1450 2076 se
1477 2023 1575 2095 apar-

60 2118 108 2175 ιι
131 2101 180 2175 de
206 2100 259 2175 las
285 2097 467 2176 ocasrones
491 2122 558 2197 que
585 2101 633 2174 les
659 2100 832 2172 divierten
857 2097 902 2171 de
929 2117 1032 2173 tanto
1057 2099 1138 2173 bien
1162 2123 1269 2175 como
1294 2098 1355 2176 hai
1382 2123 1428 2175 en
1461 2097 1537 2176 ello
1564 2124 1576 2190 ς

59 2200 282 2277 ιιΙιοιιιιιιοι
307 2227 330 2296 y
356 2199 569 2275 mandamus
594 2203 614 2273 a
640 2202 694 2274 los
716 2199 840 2275 dicbus
863 2197 1000 2291 Cures,
1025 2224 1095 2297 que
1121 2225 1293 2297 procuren
1319 2225 1389 2277 eon
1414 2201 1500 2277 toda
1524 2200 1578 2285 di·

60 2302 197 2403 lig'encia
223 2326 291 2401 que
317 2302 401 2377 haia
426 2302 461 2374 la
487 2304 674 2375 cumicnda
707 2326 775 2398 que
800 2302 971 2375 conviene
996 2324 1043 2374 cn
1067 2300 1149 2375 cosa
1178 2321 1240 2377 tan
1276 2303 1528 2400 importante,
1552 2324 1579 2395 y

60 2406 181 2479 detab
204 2402 339 2502 grande
365 2399 511 2477 servicio
546 2403 590 2477 de
615 2400 709 2478 Dios
733 2402 781 2476 N.
792 2396 854 2493 S.,
890 2427 912 2495 y
935 2425 1004 2499 que
1038 2400 1071 2474 sc
1106 2400 1264 2477 esincten
1299 2426 1346 2477 en
1381 2401 1579 2480 ensesars

61 2502 138 2579 elios
163 2506 288 2603 pobres
313 2529 422 2579 como
446 2524 552 2600 gente
579 2523 642 2577 tan
668 2500 850 2577 miserable
876 2503 911 2576 la
928 2501 1139 2599 -obligacion
1162 2528 1232 2602 que
1253 2505 1372 2579 tienen
1396 2506 1440 2581 de
1464 2498 1579 2600 dispo-

64 2605 148 2682 nerse
171 2608 193 2680 l
220 2608 258 2680 la
295 2602 442 2703 sagrada
469 2606 725 2695 communion,
762 2605 863 2699 ylos
888 2599 1000 2678 srutos
1025 2604 1173 2701 grandes
1206 2630 1273 2705 quc
1297 2605 1436 2702 pucden
1460 2601 1580 2679 conso-

63 2708 130 2805 yrir
153 2707 200 2783 de
225 2706 385 2781 recibirla
413 2729 498 2803 para
523 2704 603 2778 bien
627 2706 671 2778 de
696 2703 751 2778 sus
777 2707 913 2795 almas,
948 2702 1002 2778 sm
1026 2728 1136 2801 ponet
1159 2707 1195 2782 la
1219 2705 1336 2782 escusa
1370 2704 1581 2783 sobrediclu

68 2808 103 2885 de
127 2828 227 2885 tener
255 2806 513 2905 incapacidad,
537 2829 668 2903 porquc
695 2830 759 2903 por
783 2805 852 2880 elie
876 2807 996 2883 medio
1019 2832 1042 2901 y
1066 2804 1201 2884 consu
1225 2805 1388 2887 solicitud
1411 2832 1435 2904 y
1460 2807 1582 2885 cuida'·
1626 2848 1631 2857 ·

64 2908 100 2983 do
131 2909 313 3009 permitira
350 2908 398 2982 N.
425 2907 463 2980 S.
488 2931 555 3003 que
592 2924 721 3002 tengan
746 2906 782 2980 la
818 2910 922 3000 lucy
951 2910 1216 2985 conocimiento
1248 2934 1317 3008 que
1353 2912 1399 2986 de
1432 2909 1500 2986 beu
1517 2933 1581 3010 pa·

67 3032 97 3085 rt
119 3026 215 3085 tanta
240 3007 335 3083 bien.
361 3009 454 3082 Vide
480 3008 541 3082 lib.
569 3016 605 3083 6.
634 3008 689 3082 tit.
723 3028 753 3079 t.
778 3009 845 3103 leg.
879 3030 936 3099 19.
963 3009 1097 3105 Recop.
1124 3007 1205 3084 Iud.

62 3180 65 3185 .
148 3109 364 3187 Cavendum
399 3107 449 3185 est
486 3128 607 3184 tamen
631 3132 674 3181 ex
701 3105 846 3183 adverso
879 3131 925 3181 ne
941 3109 1053 3184 nimia
1087 3113 1367 3197 communionis,
1381 3110 1582 3211 frequentia
1632 3165 1635 3172 ·

67 3232 297 3311 curtemptum
319 3213 456 3308 pariat,
482 3211 639 3283 maxime
666 3207 847 3299 inludis,
873 3210 1027 3305 quorum
1049 3212 1181 3284 mentis
1206 3215 1364 3310 inopiam
1391 3217 1581 3309 juvarepo·

67 3312 116 3389 lest
139 3316 290 3404 raritas,
328 3309 541 3389 &facilitas
566 3312 714 3402 laedere,
750 3310 894 3408 quando
920 3307 1078 3385 beneficii
1105 3313 1228 3389 collati
1254 3314 1410 3414 pretium
1445 3318 1482 3391 &
1505 3334 1583 3393 mes

66 3416 200 3511 mitudo
226 3414 317 3493 latet
343 3415 469 3488 octdos
503 3418 539 3488 dc
574 3433 734 3489 mentem
766 3408 917 3489 sensibus
949 3414 1085 3488 carneis
1110 3414 1333 3492 immersam.
1369 3416 1584 3493 Audivimus

65 3514 273 3593 observatum
301 3512 370 3589 elle
396 3516 587 3611 aliquando
625 3516 663 3588 in
687 3530 786 3606 uno,
809 3518 864 3588 trel
892 3515 1005 3589 altero
1030 3512 1206 3593 Indorum
1231 3544 1347 3619 pago,
1384 3517 1444 3595 ubi
1460 3513 1586 3615 magis

65 3616 247 3694 inoleverat
273 3613 497 3692 eucharistici
536 3615 635 3712 panis
659 3616 761 3705 usus,
797 3611 866 3689 elle
889 3639 1007 3693 mores
1039 3621 1157 3693 minus
1182 3623 1357 3697 cortesius
1388 3646 1496 3721 quam
1521 3618 1586 3697 ubi

63 3718 159 3797 uritis
186 3715 543 3795 communicabatur-z
567 3718 666 3805 'eujus
690 3719 803 3809 mali,
829 3715 858 3792 fi
882 3740 1005 3792 vertum
1030 3718 1163 3813 babet,
1189 3722 1294 3799 causa
1323 3722 1391 3800 alia
1417 3721 1485 3797 elle
1508 3746 1585 3801 non
1721 3768 1724 3773 ·

63 3820 189 3919 potest,
215 3845 325 3919 quam
359 3819 491 3894 mentis
526 3814 737 3914 indispofitae
763 3819 913 3912 vitium,
952 3822 1106 3916 &quod
1165 3822 1288 3897 aroehi
1325 3824 1484 3900 debitam
1507 3848 1586 3901 non

61 3922 137 4001 lant·
162 3946 337 4022 operam,
374 3939 415 3996 ut
451 3944 512 4018 per
537 3917 646 3993 fidem
679 3917 878 4018 suppleatur
902 3918 1065 3997 sensuum
1089 3844 1262 4014 deseditm
1301 3947 1361 4021 per
1396 3920 1505 4000 fidem
1530 3926 1586 4000 in-

37 4038 157 4127 'quam
183 4026 368 4115 vivacem,
405 4028 442 4099 lc
477 4021 627 4121 propriis
653 4020 783 4096 actibus
808 4043 986 4098 exertam.
1026 4022 1068 4099 ld
1104 4044 1223 4100 aurem
1249 4046 1439 4101 commune
1474 4026 1587 4103 etiam

59 4126 101 4204 est
126 4126 320 4223 Hispanis,
346 4131 382 4202 ὃ(
408 4126 472 4223 pro
495 4121 660 4199 omnibus
684 4121 768 4198 satis
790 4121 968 4222 provisum
994 4124 1038 4198 ab
1063 4124 1277 4203 Innocentio
1302 4120 1584 4204 x1.coost.ra.
1660 4152 1663 4157 ·

56 4224 150 4307 Febr.
177 4228 266 4303 date
293 4228 377 4302 anni
412 4233 518 4320 ¹⁶79·
547 4222 638 4301 Vide
663 4224 754 4333 Ord.
781 4224 869 4305 286.
896 4248 992 4299 anno
1021 4233 1130 4324 ¹⁶34·
1161 4248 1218 4325 13.
1244 4225 1356 4305 Mart.

411 4374 920 4469 ORDINATIO
968 4373 1128 4455 LXXII.

564 4478 675 4554 Anno
707 4501 814 4577 1545.
843 4478 881 4554 8.
905 4477 986 4577 Jan.
1066 4514 1072 4525 ·

118 4632 158 4711 lt
180 4630 399 4733 Episcopalis
434 4626 591 4706 Ecclesra
629 4626 827 4722 Quirensrs.
865 4628 1013 4705 Montio
1048 4627 1090 4706 fit
1127 4633 1164 4706 iu
1188 4629 1389 4733 Compend.
1425 4582 1516 4711 Hils
1541 4626 1583 4709 P.

145 4734 315 4829 Emman.
341 4733 564 4834 Robigum,
591 4737 629 4813 bt
653 4732 691 4806 in
715 4732 864 4811 Tabulis
887 4730 1066 4808 Chrouol.
1092 4729 1132 4807 P.
1159 4729 1220 4807 Cl.
1245 4732 1469 4913 crementi&
1487 4834 1538 4911 R·

93 5060 148 5133 (ὃ)
167 5067 231 5140 Syn·
254 5063 291 5125 dt
329 5066 360 5124 la
377 5064 462 5137 Pan,
480 5063 532 5127 sib.
544 5084 568 5121 ι.
588 5079 610 5123 t·
630 5083 659 5127 5·
677 5080 739 5133 up.
749 5082 775 5117 ι.

989 5139 1100 5216 Va
