3856 5678
529 323 1039 403 Arosrocicis.
1099 343 1207 422 ¹500·
1266 329 1373 421 ¹5⁶3·
1470 283 1472 287 .
1600 340 1668 423 151

290 467 370 544 Nec
395 464 510 563 magis
535 462 739 558 fidendum,
774 465 943 564 quidquid
968 463 1052 540 velit
1077 461 1278 542 Torreeilla
1303 463 1404 556 (a),
1438 457 1602 543 facultati
1638 458 1724 558 con'-

189 567 284 649 ces&
307 567 511 645 Minoribus
535 568 557 643 ὲ
581 567 705 644 Leone
729 566 797 659 X„
823 588 865 642 ut
889 568 943 643 uti
968 563 1105 666 pollent
1130 568 1168 642 in
1189 560 1277 640 soro
1300 564 1523 644 canscientia
1554 568 1639 643 vivae
1662 590 1724 642 vo·

188 676 234 750 cis
258 673 434 762 oraculis,
456 689 500 745 ut
527 672 565 745 in
590 670 685 749 libris
709 665 858 745 Ordinis
884 670 1132 760 continentur,
1158 666 1242 742 sicst
1266 665 1343 757 ejus
1363 669 1600 747 concessionis
1631 666 1724 744 tellis

189 774 230 852 fit
256 773 462 852 Cardinalis
486 770 698 849 Laurentius
722 771 839 847 Tituli
864 771 925 847 SS.
952 766 1118 868 Qiatuor
1138 767 1438 863 Coronatorum,
1466 773 1528 871 qui
1563 767 1724 847 officium

188 874 353 956 inlaeso
378 876 516 973 palatio
540 870 695 951 habuisse
718 875 868 968 dicimr,
896 871 923 946 si
948 897 1023 948 non
1049 870 1184 948 constet
1209 866 1395 949 Officiales
1433 872 1500 949 hos
1534 868 1635 949 sitisse
1658 872 1725 946 mi·-⁴

188 977 315 1057 nistros
341 981 379 1052 in
404 978 555 1053 materia
581 975 845 1054 concessionum
879 971 1084 1051 lassatum.
1123 973 1207 1048 Imo
1242 972 1489 1053 tessimonium
1519 973 1724 1051 Cardinasis

191 1081 377 1158 Laurentii
404 1103 531 1178 parum
557 1079 698 1156 aliunde
732 1076 904 1175 prodest,
942 1076 1230 1175 quandoquidem
1265 1076 1439 1154 denuiso
1473 1077 1658 1178 privilegio
1688 1079 1726 1154 in

189 1183 393 1357 partiplulari
421 1180 587 1275 testante,
612 1177 671 1258 sed
696 1180 740 1256 de
766 1176 936 1256 facultate
964 1179 1006 1253 iis
1031 1178 1175 1271 utendi,
1200 1194 1287 1276 <suff
1305 1181 1450 1260 alsmde
1481 1177 1724 1281 supponimtur

190 1287 263 1361 vim
319 1284 440 1358 abere.
1249 1357 1255 1370 ,

291 1385 416 1460 Minus
442 1381 600 1482 prodest,
627 1384 723 1484 quod
746 1380 949 1459 Cardinalis
986 1382 1253 1460 Alexandrinus
1277 1385 1315 1459 ln
1351 1385 1592 1463 testimonium
1626 1383 1727 1462 adhi-

189 1466 281 1565 situs
307 1488 405 1588 plani
421 1484 567 1562 'orandi
592 1481 700 1561 firerit
725 1485 887 1585 deinceps
911 1483 1030 1584 Papa:
1056 1509 1128 1584 quo
1164 1484 1316 1578 nomine
1337 1487 1390 1564 est
1414 1491 1474 1587 qui
1512 1506 1612 1586 putet
1638 1486 1724 1578 eius·

189 1591 286 1666 modi
314 1591 500 1666 oraculum
525 1589 666 1687 vigere,
691 1589 775 1685 quia
799 1586 827 1663 fi
852 1589 965 1663 nollet
990 1587 1214 1687 privilegium
1238 1587 1274 1666 se
1298 1588 1384 1667 teste
1410 1586 1637 1683 concellum,
1664 1590 1726 1666 sua

187 1695 259 1788 iam
283 1690 391 1790 Papae
414 1686 691 1765 confirmatione
714 1688 884 1791 solidari,
911 1686 1123 1766 revocasset.
1150 1685 1335 1788 Quidquid
1356 1693 1457 1766 enim
1482 1688 1525 1766 sit
1550 1694 1595 1768 de
1626 1689 1724 1768 'sutili

190 1795 256 1872 sic
280 1792 554 1894 praesumptione
579 1791 772 1869 voluntatis
796 1793 836 1866 in
860 1790 1102 1868 Alexandrino
1124 1789 1343 1885 Cardinale,
1377 1791 1439 1868 'seu
1464 1792 1530 1870 Pio
1555 1793 1625 1886 V„
1661 1797 1723 1871 illa

190 1897 311 1996 nequit
336 1894 563 1994 posteriorem
589 1891 728 1972 Urbani
753 1896 1020 1971 revocationem
1040 1894 1258 1969 invalidare.
1286 1893 1381 1971 lslud
1407 1893 1552 1987 solidius
1574 1893 1726 1971 affirma-

193 2016 268 2093 tur,
309 2000 539 2073 oraculorum
575 1996 803 2095 revocatione
837 2020 913 2073 non
937 1998 1096 2074 revocari
1121 1995 1303 2088 oracula,
1340 2021 1417 2096 qua
1442 2021 1507 2073 nec
1541 1992 1726 2096 privilegia

195 2118 255 2176 nec
307 2102 405 2174 satia
429 2098 530 2191 sunt,
556 2096 615 2174 sed
640 2098 835 2198 gratiarum
859 2097 1138 2176 declarationes:
1164 2119 1241 2196 que
1265 2096 1322 2176 est
1351 2095 1526 2178 sententia
1558 2098 1722 2176 Bordoui

197 2202 260 2294 (s)
281 2123 436 2276 {erana
461 2207 556 2293 (c),
578 2205 617 2277 dt
642 2201 816 2302 aliorum..

290 2310 374 2395 (ιι)
393 2303 694 2397 communicavit.
719 2299 827 2378 Circa
853 2300 1119 2402 privilegiorum
1144 2302 1512 2380 communicationem
1538 2294 1724 2380 ait-Card

196 2403 290 2484 Petra
318 2407 416 2500 (d),
440 2405 538 2505 quod
564 2404 745 2480 contraria
771 2403 1007 2503 Tridentino,
1033 2411 1070 2485 ἃ
1092 2431 1171 2504 quae
1194 2402 1339 2482 difficile
1362 2405 1628 2497 conceduntur,
1648 2430 1725 2483 nou

200 2509 522 2586 cuminunicantur.
550 2508 598 2589 Et
621 2507 724 2584 Rota
750 2507 844 2605 apud
865 2503 1073 2584 Pittonium
1101 2513 1169 2599 (e)
1194 2508 1364 2598 decidit,
1399 2509 1497 2606 quod
1521 2509 1723 2607 communi

198 2613 398 2912 {silis
430 2612 544 2788 sss
573 2608 882 2812 11111ἶὲ1111
906 2607 1444 2810 illdsf‘si‘d‘w
1463 2608 1728 2808 ,lissinis

246 2839 352 2890 orum
378 2812 653 2890 fundamentum
671 2810 730 2889 -esi
754 2815 877 2914 regida
901 2815 983 2904 iuris
1008 2815 1046 2889 in
1073 2819 1112 2890 6.
1141 2812 1228 2889 8r.:
1254 2817 1294 2901 bi
1323 2815 1474 2914 generasi
1506 2811 1727 2891 concessione

198 2932 260 2994 nun
284 2917 436 2995 veniunt
461 2939 524 3011 ea,
550 2940 627 3018 quac
651 2916 728 3015 quis
752 2941 828 2992 nou
852 2906 935 2993 esset
960 2913 1202 2994 verosimiliter
1226 2913 1445 2996 concessurus
1470 2917 1507 2993 in
1524 2913 1653 3018 specie.

592 3117 1098 3199 ottuiuiuio
1199 3114 1397 3197 Lirin.⁴
1475 3082 1478 3086 ’

833 3222 1082 3322 Δηιιοις43.

288 3428 325 3505 Τ
351 3427 432 3503 Rex
446 3424 664 3505 >catholicus
694 3416 804 3527 possit
838 3425 1025 3519 dividere,
1063 3441 1126 3499 aut
1159 3421 1372 3500 contrahere
1408 3417 1497 3500 finer
1531 3420 1728 3501 dioeceseon

315 3528 545 3604 indicarum.
578 3527 732 3606 Ponitur
753 3530 825 3604 huc
863 3553 960 3606 anno
985 3524 1224 3620 constitutio,
1262 3549 1334 3626 quo
1358 3526 1511 3624 prodiit,
1545 3526 1601 3604 vel
1627 3525 1723 3626 certe

195 3646 264 3730 quo
285 3630 338 3707 ,ad
365 3627 486 3705 indias
510 3630 613 3707 missa
638 3629 709 3708 est.
736 3630 875 3731 Nempe
895 3629 1136 3730 postulaverat
1171 3628 1275 3722 Rex,
1312 3627 1365 3704 ait
1389 3626 1606 3713 Solomamu
1627 3625 1720 3724 (f),

192 3732 238 3809 lr't·
258 3732 563 3832 quemadmodum
581 3733 771 3810 -erestionis
797 3731 1063 3832 episcopatuum
1087 3753 1196 3821 cura,
1219 3730 1276 3806 ita
1300 3733 1338 3806 dt
1374 3723 1554 3807 divisionis
1590 3749 1653 3807 aut
1676 3750 1729 3806 re-

194 3831 401 3929 meionis,
428 3835 487 3911 ubi
512 3853 718 3934 oporteret,
745 3834 806 3911 sibi
832 3833 964 3936 suisque
1001 3828 1209 3912 consiliariis
1232 3831 1489 3928 delegaretur:
1525 3835 1578 3909 sta
1604 3851 1728 3909 tamen

197 3945 236 4014 ut
254 3936 414 4013 eandem
438 3936 648 4013 divisionem
673 3939 729 4012 ves
754 3935 1038 4030 remissionem,
1071 3933 1212 4035 ejusque
1250 3928 1372 4008 causas
1407 3930 1493 4007 Sedi
1517 3929 1730 4030 apostolica

192 4035 440 4115 succensendas
477 4045 514 4118 ὅ(
549 4038 792 4140 approbandas
824 4057 929 4115 notas
961 4036 1126 4114 faceret.
1163 4031 1275 4133 Qrod
1309 4030 1494 4132 pontificio
1528 4034 1727 4133 diplomate

188 4137 397 4217 concessum
421 4137 511 4234 esl'e,
540 4140 685 4217 testatur
709 4140 864 4217 Herrera
890 4144 962 4241 (g)
997 4136 1169 4232 referens,
1203 4139 1338 4214 dissum
1362 4136 1521 4236 diploma
1556 4136 1728 4214 traditum

188 4237 256 4318 effe
282 4241 336 4319 D.
363 4243 470 4320 Tello
494 4243 539 4318 de
563 4238 767 4337 sandoval,
793 4268 878 4319 eum
904 4242 951 4319 ad
975 4239 1164 4319 vistandas
1189 4241 1302 4319 Novae
1326 4236 1508 4340 Hispania
1528 4236 1727 4340 provincias

189 4332 397 4422 mitteretur
422 4369 518 4422 anno
545 4364 683 4445 1543„
711 4345 834 4423 addito
860 4346 898 4420 in
923 4345 1121 4434 mandatis,
1185 4371 1224 4420 ae
1250 4371 1288 4418 ea
1313 4347 1349 4419 la
1373 4342 1476 4434 junta
1498 4345 1543 4419 de
1562 4341 1725 4443 prelados

191 4445 401 4544 presentasle
425 4447 459 4522 el
492 4446 604 4526 Breve
628 4470 696 4548 que
731 4447 889 4540 llevaba,
924 4470 994 4548 que
1030 4447 1075 4522 de
1100 4446 1151 4524 Su
1215 4444 1361 4523 antidad
1384 4445 1490 4523 havia
1528 4443 1729 4645 impetratio

1603 4567 1677 4626 lsai!

235 4770 297 4844 (al
318 4772 500 4846 Tarracina,
519 4775 614 4849 Tna.
635 4780 772 4848 rame.
790 4796 828 4840 ex
847 4777 944 4840 dm·
1026 4779 1080 4851 (e)
1102 4777 1212 4839 serram·
1221 4816 1231 4845 ,
1249 4776 1308 4836 CC·
1325 4773 1366 4836 ad
1384 4774 1484 4847 Ratas-
1504 4773 1728 4844 mavt‘vsw'·

190 4847 240 4909 aa
257 4852 431 4913 alexandro
451 4856 514 4913 VII.
986 4864 1024 4918 tr
1044 4860 1129 4922 μή.

226 4927 294 5000 ab)
314 4930 396 4990 Botis·
416 4947 454 4991 tr.
479 4952 504 4989 ι.
522 4935 591 4992 Ver.
610 4953 635 4994 c.
658 4954 704 4990 ai.
725 4937 760 4994 lt.
777 4955 829 5004 3¹.
948 4977 951 4982 ·
1024 4933 1081 5007 (s)
1101 4933 1208 4994 Salara-
1228 4928 1313 4993 Tem·
1335 4949 1362 4986 ⁸·
1378 4930 1426 4992 De
1444 4926 1510 4990 Μ·
1527 4928 1597 4997 7⁸1·
1614 4923 1683 4998 sss-
1696 4944 1726 4988 s·

226 5007 293 5076 (c)
313 5009 456 5076 uuna,
477 5026 499 5069 r.
521 5032 548 5078 3·
569 5013 603 5070 V.
623 5011 760 5072 Ora‘ctilc.
913 5069 924 5081 ,
988 5035 1013 5080 5.
1033 5031 1064 5073 ar.
1088 5033 1131 5067 ii.

217 5083 291 5156 dd)
312 5086 421 5157 Beira,
441 5102 508 5147 rom.
529 5111 555 5158 a.
574 5088 614 5149 ad
631 5090 666 5148 c.
688 5088 752 5169 Urs,
767 5091 805 5149 V.
824 5107 922 5161 ania.
1024 5089 1077 5165 (g)
1096 5092 1238 5162 mna,
1256 5088 1293 5151 0-
1315 5107 1343 5154 7·
1362 5083 1415 5149 sis.
1432 5094 1465 5146 s·
1483 5098 1546 5154 m·
1562 5085 1596 5151 τ’·
