3864 5686
536 315 1037 396 Arosrottcra.
1092 338 1202 414 1500.
1259 323 1368 413 1563.
1596 346 1669 414 ¹77

194 476 253 549 tae,
281 450 370 532 reflir'
395 454 529 532 censuit
553 454 705 549 loannes
731 456 774 531 dc
800 455 870 533 Paz
894 456 1158 532 Dominicanus
1182 462 1282 548 (a),
1309 455 1454 554 potuisse
1480 457 1718 539 Provinciales

192 559 336 650 calices,
364 584 463 649 aras,
489 560 728 657 reliquamque
754 557 999 658 supeltectilem
1024 558 1160 635 sacram
1186 559 1389 634 benedicere
1414 564 1450 637 δι
1475 557 1716 637 consecrate.

192 659 359 758 Idemque
386 661 491 735 docet
517 660 667 736 Murillo
692 659 785 752 (l).
814 660 859 735 In
886 658 1045 753 ,Petusio
1074 682 1193 735 tamen
1221 681 1334 751 toto,
1372 666 1408 736 δι
1433 663 1471 734 in
1495 663 1604 737 Nova
1637 658 1718 737 Hil-

191 763 295 863 pania
321 762 446 850 (idem
470 762 529 837 dic
553 763 597 836 de
623 763 700 836 aliis
712 763 932 859 regionibus,
959 762 995 835 in
1021 762 1142 860 quibus
1167 760 1329 861 Episcopi
1353 759 1472 856 sint),
1493 762 1724 839 certiffintum

192 862 263 956 eli,
292 864 405 960 inquit
430 860 501 936 Paz
526 862 602 960 post
627 864 800 938 Villaroel
827 870 921 957 (c),
948 862 1117 950 eiusmodi
1143 865 1321 962 privilegia
1345 864 1420 952 jam
1445 861 1634 964 expirasse,
1655 866 1714 939 de·

191 960 285 1040 festu
309 962 440 1041 scilicet
468 967 682 1040 conditionis
706 963 899 1062 requisitae,
922 986 962 1039 ut
990 963 1151 1064 Episcopi
1177 991 1251 1041 non
1278 963 1365 1039 sint.
1497 1037 1501 1045 .

291 1066 393 1142 Num
417 1065 502 1141 verb
525 1066 651 1143 existat
678 1068 817 1143 aliunde
845 1066 1002 1141 absoluta
1028 1066 1219 1160 conceffio,
1249 1067 1440 1142 videndum
1461 1065 1536 1143 est.
1573 1068 1622 1144 Et
1648 1068 1724 1165 qui·

197 1168 278 1245 dem
302 1165 467 1244 Urbanus
494 1167 559 1241 IV.
591 1191 648 1261 17.
675 1169 769 1267 Sept.
803 1179 910 1265 ¹2⁶3·
937 1192 998 1266 per
1020 1169 1156 1243 bullam
1183 1165 1348 1244 concellit
1374 1169 1505 1245 Abbati
1531 1171 1576 1245 de
1612 1168 1723 1246 Mon·

199 1290 232 1347 te
255 1269 416 1364 Virginis
441 1268 588 1344 Ordinis
614 1269 650 1345 S.
676 1268 855 1345 Benedicli
881 1267 1091 1345 facultatem
1116 1269 1341 1345 benedicendi
1368 1272 1495 1346 calices
1529 1275 1566 1348 δι
1600 1271 1726 1347 omnia
1752 1349 1756 1359 ,

200 1373 268 1448 alia
294 1391 508 1446 ornamenta
535 1369 657 1460 sacra,
683 1392 724 1447 ut
749 1368 856 1447 refert
881 1370 1018 1448 Pittoni
1047 1372 1123 1462 (d)
1147 1368 1209 1446 sub
1233 1393 1279 1446 eo
1304 1371 1361 1445 die
1386 1378 1422 1449 δι
1448 1396 1574 1448 anno.
1609 1371 1725 1450 Priori
1751 1364 1756 1375 ’

198 1472 363 1548 Generali
400 1472 438 1548 S.
475 1472 671 1547 Salvatoris
706 1471 1007 1570 Conpregationis
1043 1471 1194 1570 potestas
1230 1470 1390 1547 sacrandi
1426 1479 1462 1551 ἃ
1496 1473 1728 1550 benedicendi

197 1575 415 1673 corporalia,
440 1572 545 1648 velles
570 1579 606 1650 δι
631 1597 673 1649 ea
700 1629 711 1667 ,
749 1600 825 1672 quae
849 1572 954 1649 sacris
979 1571 1092 1647 ufrbus
1127 1574 1206 1650 sunt
1231 1568 1455 1667 neceffaria,
1488 1573 1652 1651 conceffa
1674 1575 1725 1649 est

199 1698 231 1752 2.
255 1676 343 1773 Apt.
374 1696 482 1771 1512.
509 1674 601 1751 Item
630 1695 665 1772 3.
693 1675 791 1751 Febr.
822 1699 931 1775 1514.
968 1673 1125 1748 cancelli
1161 1673 1210 1750 est
1247 1678 1268 1750 d
1304 1673 1429 1752 Leone
1454 1675 1503 1752 X.
1538 1677 1724 1752 Generali-

193 1776 280 1871 bus,
306 1775 605 1868 Prouincialibus,
631 1776 871 1854 &Fratribus
896 1776 1105 1875 Minoritis,
1132 1797 1172 1852 ut
1198 1799 1442 1876 paramenta,
1477 1783 1513 1855 bt
1537 1801 1725 1853 ornamen-

200 1901 252 1972 ιι,
278 1884 314 1957 &
341 1880 411 1953 alia
436 1903 661 1977 quacumque
699 1880 743 1954 ad
770 1880 930 1953 divinum
955 1879 1092 1953 cultum
1130 1879 1373 1976 &proprium
1407 1873 1509 1954 ufttm
1534 1877 1725 1955 neceffaria
1792 1878 1795 1885 ’

190 1979 396 2063 benedicere
423 1976 589 2076 pollent,
632 2005 714 2055 cum
741 1982 957 2056 limitatione
995 2000 1114 2055 tamen
1142 1981 1188 2054 ad
1211 2003 1254 2055 ea
1292 1980 1331 2054 in
1377 1979 1476 2054 uibus
1500 1982 1618 2055 undio
1653 2004 1728 2054 non

196 2081 401 2158 intervenit.
427 2080 594 2157 Clemens
621 2081 705 2159 Vll.
735 2106 795 2156 22.
826 2101 934 2180 1534.
962 2079 1091 2157 Abbati
1118 2079 1257 2157 Montis
1282 2081 1327 2156 de
1416 2107 1481 2158 cco
1516 2081 1664 2157 Ordinis
1686 2080 1724 2156 S

202 2178 373 2258 benedicti
399 2183 590 2276 concelfrt,
616 2204 657 2259 ut
683 2184 906 2282 corporalia,
931 2185 1083 2274 calices,
1120 2187 1156 2260 ὅ(
1178 2184 1252 2258 alia
1286 2204 1500 2262 omameuta
1527 2184 1565 2257 in
1598 2207 1727 2256 monn

202 2282 320 2376 llerio,
343 2283 582 2382 prioratibus,
607 2283 783 2376 ecclesiis,
809 2290 845 2363 δι
870 2286 956 2359 locis
982 2283 1026 2357 ab
1051 2285 1177 2360 eodem
1201 2283 1418 2362 monasterio
1452 2282 1728 2382 dependentibus

208 2382 384 2463 ttteell'aria
410 2386 650 2463 benediceret.
677 2387 763 2461 Haec
791 2405 873 2460 ante
898 2385 1105 2462 Concilium
1130 2385 1406 2463 Tridentinunt.

296 2485 378 2562 Pius
401 2488 447 2562 V.
475 2511 509 2586 5.
536 2486 616 2584 Jan.
648 2497 757 2585 1567.
785 2484 982 2585 praepositis
1006 2484 1302 2586 Congrcgationis
1326 2490 1370 2563 de
1394 2484 1564 2562 Somalca
1589 2481 1731 2563 eonces-
1809 2570 1812 2575 ⁸

212 2583 265 2681 lit,
288 2594 328 2664 u't
354 2592 578 2687 corporalia,
605 2609 834 2691 paramenta,
860 2595 896 2666 dt
921 2589 1045 2664 omnia
1073 2590 1143 2664 alia
1166 2613 1230 2687 ,per
1254 2588 1446 2688 Episcopus
1468 2589 1624 2665 benedici
1646 2584 1730 2661 foli-

210 2704 239 2762 ta
259 2716 321 2788 pro
354 2689 417 2768 ufu
451 2689 605 2782 ejusdcm
637 2691 937 2790 Congregationis
963 2690 1164 2767 benedicere
1201 2690 1367 2790 possent,
1403 2693 1556 2789 exceptis
1592 2691 1657 2780 iis,
1695 2691 1734 2763 in

209 2793 318 2970 bilius
344 2796 463 2868 undio
499 2795 717 2870 adhibetur.
756 2793 805 2868 Et
830 2818 914 2871 cum
938 2794 1063 2868 eadem
1097 2796 1307 2892 exceptione
1331 2793 1540 2891 Gregorius
1558 2790 1665 2868 Xlll.
1692 2811 1728 2880 7.

211 2896 611 3073 transilienti
634 2893 878 3072 filliis?
898 2889 1730 3073 ²,litl”⁰¹2¹illullstlub‘dlbii·

209 3088 307 3170 stica..
335 3095 384 3170 Et
407 3094 538 3170 Paulus
563 3098 608 3170 V.
636 3095 802 3171 conccffit
829 3095 863 3170 8.
889 3022 987 3170 ilebr.
1016 3021 1149 3192 t6ibu5„
1175 3119 1215 3172 ut
1240 3095 1381 3171 Fratres
1405 3092 1560 3183 ejusdem
1580 3094 1728 3170 Ordinis

213 3216 264 3287 pro
290 3193 355 3271 usu
380 3197 544 3271 locorum
568 3204 603 3276 δ(
627 3195 868 3274 ministrorum
893 3195 1116 3271 existentium
1143 3196 1359 3295 inpartibus
1398 3195 1594 3269 infidelium
1629 3195 1733 3269 bene,
1803 3247 1808 3253 -

218 3294 328 3372 licant
353 3320 560 3396 paramenta
587 3308 623 3377 dt
648 3318 860 3374 ornamenta
886 3295 1115 3373 ecclesiastica
1136 3352 1150 3388 ,‚
1184 3322 1230 3373 eo
1257 3317 1415 3394 tempore
1450 3297 1638 3370 dumtaxat
1664 3320 1734 3391 quo

217 3400 294 3493 apud
320 3397 463 3474 cosdem
491 3396 646 3477 infideles
671 3399 987 3475 commorabuntur
999 3454 1010 3491 ,
1036 3397 1102 3472 nifi
1129 3400 1176 3473 ibi
1201 3396 1384 3498 quisquam
1405 3399 1494 3474 alius
1519 3397 1733 3495 reperiatur,

218 3499 266 3592 qui
288 3524 331 3575 ex
356 3500 478 3577 officio
504 3505 563 3578 illa
589 3503 791 3578 benedicere
819 3504 958 3577 valeat.
1055 3519 1058 3522 ’
1662 3564 1666 3571 .
1723 3528 1731 3573 :

304 3596 377 3676 Sed
401 3602 489 3677 benit
515 3603 708 3682 advertitur
734 3605 771 3677 itt
806 3601 1032 3700 Compendio
1061 3599 1264 3677 Communi
1303 3598 1421 3681 Privil.
1448 3602 1530 3678 Soc.
1567 3606 1660 3692 (e),
1682 3603 1737 3674 ui·
1830 3618 1834 3625 '

222 3693 358 3778 undum
383 3701 450 3780 etse
485 3729 656 3805 qua-tenus
681 3704 816 3780 obstent
847 3705 996 3781 decreta
1033 3703 1226 3802 posteriora
1252 3703 1297 3778 5.
1317 3704 1368 3779 C.
1402 3705 1579 3786 Rituum,
1615 3701 1736 3799 quibus

224 3804 372 3889 uaeeiaae
397 3803 586 3883 facultates
610 3810 808 3884 imminutae
827 3803 943 3882 lunt.
982 3806 1081 3882 Nam
1109 3827 1170 3899 24.
1195 3806 1288 3900 Aug.
1320 3813 1427 3894 1609.
1465 3827 1507 3877 ea
1532 3802 1737 3899 Congrega·

224 3895 264 3972 tio
283 3907 476 3983 declaravit
506 3918 521 3999 (
522 3908 555 4002 f
559 3915 595 4003 ),
620 3911 716 4009 quod
742 3906 916 3999 Abbatcs,
944 3912 980 3983 δι
1007 3908 1067 3981 alii
1093 3903 1235 4011 Praelati
1260 3903 1455 4006 Regulares
1479 3927 1557 3977 non
1594 3900 1736 3998 poliunt

224 3991 408 4085 &aedicere
434 4033 641 4108 paramenta
668 4037 733 4109 pro
759 4006 822 4084 usu
847 4006 1072 4083 ecclesrarum
1107 4004 1168 4078 fibi
1205 4028 1281 4078 non
1304 4002 1561 4094 subjectarum.
1599 4002 1647 4076 Et
1675 3999 1750 4075 18:

222 4094 442 4205 A*lg-1625.
472 4113 566 4186 idem
585 4112 641 4188 est
669 4112 898 4187 declaratum
936 4107 1107 4204 abrogata
1137 4106 1319 4180 contraria
1354 4101 1636 4196 consuetudine,
1674 4100 1739 4177 nili

218 4188 307 4297 lupe,
341 4212 413 4286 hoc
439 4214 642 4307 obtineatur
672 4213 700 4286 d
735 4212 826 4287 Sede
864 4208 1065 4308 Apostolica
1103 4208 1345 4306 privilegium,
1379 4227 1469 4283 tunc
1495 4209 1591 4281 cuim
1623 4206 1737 4310 ctiam

212 4302 355 4407 c2lices,
383 4320 419 4391 ἃ
443 4341 545 4409 aras,
571 4322 607 4393 bt
641 4337 834 4410 campturas
859 4309 997 4412 poliunt
1032 4310 1236 4386 benedicere
1258 4364 1269 4402 ,
1295 4316 1331 4387 d(
1359 4310 1430 4384 alia
1454 4304 1665 4395 {consecrare
1699 4307 1738 4380 in

209 4402 331 4489 luibus
354 4412 455 4491 sacra
481 4417 670 4493 intervenit
696 4417 846 4493 unctio.
886 4410 1097 4503 Huiusmodi
1125 4433 1245 4487 autem
1282 4411 1461 4510 privilegia
1494 4436 1572 4485 non
1598 4407 1740 4484 censen-

201 4508 260 4575 ¹¹¹r
294 4520 559 4597 communicata
579 4518 817 4616 superioribus
845 4518 996 4591 aliarum
1020 4516 1253 4611 Religionum
1278 4567 1289 4605 ,
1318 4511 1383 4586 ubi
1412 4534 1493 4586 ,non
1514 4511 1653 4587 militat
1677 4524 1736 4586 ea-

192 4591 293 4685 dem
313 4621 429 4714 tatio,
454 4640 495 4696 ut
520 4638 565 4696 ex
591 4620 716 4696 Diana
744 4640 869 4695 notare
896 4617 1024 4716 placuit
1052 4613 1233 4690 Pittonio.
1575 4711 1608 4786 A

178 4782 183 4803 ,
538 4782 542 4788 ,
1611 4735 1684 4785 nno

226 4864 308 5013 {a}
433 4881 557 4950 contat.
616 4902 634 4938 a
655 4884 664 4934 ;
688 4901 713 4934 2.
745 4901 789 4938 a.
813 4901 838 4934 ι.
1040 4876 1095 4948 (a)
1116 4874 1439 4941 pascuae-Runa.

260 4943 292 5001 b
325 4880 446 5017 idaiillo
466 4959 544 5028 Catrl.
567 4943 640 5017 Cani
659 4958 681 5015 l.
694 4979 720 5025 3*
741 4977 770 5013 at·
830 4995 859 5013 ..
1038 4955 1090 5026 (e)
1111 4952 1258 5020 Campana.
1277 4951 1333 5009 Ed.
1357 4970 1438 5014 ¹705·
1458 4945 1492 5008 V·
1512 4947 1687 5006 Benediwe.

253 5022 302 5088 θ)
322 5035 440 5092 Wltarr.
459 5035 525 5097 Gab-
543 5036 661 5096 Etsi-P·
675 5055 717 5088 u.
738 5024 981 5108 q.'6.a.rr.ra.q.l
1039 5030 1094 5104 (l)
1112 5031 1205 5099 apua
1221 5031 1270 5089 cit·
1290 5029 1400 5088 Pieroni
1417 5044 1447 5087 aa
1466 5026 1514 5085 die
1532 5032 1570 5086 Ψ
1584 5042 1682 5084 aare.
