3864 5686
469 328 506 406 A
531 346 605 406 ao
631 346 649 403 s
674 341 800 405 τοι
827 344 840 404 t
864 326 973 403 cm.
1029 326 1138 423 1564.
1193 326 1304 396 1600.
1527 309 1610 413 237'

120 448 212 547 satio
237 467 302 546 hat
321 448 392 567 'pro
417 468 465 569 gl.
488 493 599 551 mem.
636 466 775 543 Carolo
802 466 847 537 V.
868 486 917 539 'ac
944 463 1106 560 Philippo
1131 456 1374 559 Rege‘nostto
1393 480 1408 549 ·,
1444 448 1642 557 caeterisque

121 576 156 648 in
179 572 344 648 Castellar
368 578 404 653 bt
430 572 512 669 Legi
521 576 593 645 suis
620 572 733 667 regnis
758 565 926 642 defunctis
951 566 1129 663 Regibus,
1154 575 1191 643 bc
1217 589 1282 659 pro
1308 554 1645 660 tempotelisccelsol

41 751 43 755 ,
119 677 230 751 ribtss.
258 675 393 750 Diebus
416 699 501 747 vero
527 671 702 746 sabbathis
727 668 825 743 missa
853 669 1012 767 pradilia
1039 668 1076 740 in
1101 668 1278 743 honore-m
1304 658 1645 779 Virginisglorsnsp

117 802 182 874 pro
208 774 407 854 Catholicae
435 774 626 864 Maiestatis
651 773 762 846 salute
788 778 823 848 ὅ(
850 771 1099 844 incolumitate
1123 771 1338 843 celebretur.
1362 763 1558 856 Cupuslibet
1585 788 1649 840 au·

118 895 192 953 lem
217 877 345 952 mensis
370 879 482 975 prima
509 880 563 951 die
589 874 700 951 Lunae
723 874 849 949 eadem
874 870 972 948 milia
1001 894 1064 969 pto
1090 870 1275 945 animabus
1299 874 1493 970 purgatorii
1517 865 1655 950 solen»

116 980 211 1054 niter
236 982 446 1063 celebretur.
474 979 630 1077 Reliquis
654 977 738 1050 verb
761 977 880 1049 diebus
906 970 1050 1070 praesata
1076 968 1175 1048 missa
1200 973 1477 1071 pollitcelebtati
1504 981 1551 1053 ad
1591 992 1654 1079 lo,-

115 1084 315 1173 luntatem,
339 1081 523 1170 cujuslibet
548 1078 863 1174 perl'onaevolentis
889 1077 987 1148 illam
1011 1076 1158 1149 dotare.
1186 1076 1346 1151 Secunda
1374 1078 1460 1153 verb
1482 1068 1652 1169 missad'e

116 1178 203 1259 sesto
228 1186 283 1255 vel
308 1179 396 1256 seria
422 1202 630 1255 occurrente
656 1178 847 1254 secundum
873 1177 1001 1268 stylum
1026 1176 1249 1277 Hispalensis·
1263 1178 1540 1277 Ecclesraevbora
1567 1170 1649 1252 edt-

115 1286 248 1358 tiarum
274 1283 524 1374 celebrabitur,
550 1286 585 1360 dt
610 1286 822 1380 quicumque
846 1276 986 1352 millam
1013 1280 1186 1368 majorem
1212 1278 1463 1374 celebraverit,
1490 1288 1646 1359 luerent

116 1387 206 1460 ultra
233 1410 464 1459 communem
510 1383 823 1471 distributionem,
849 1380 1012 1454 omnibus
1046 1380 1260 1455 beneficiatis
1284 1384 1382 1458 dista
1407 1382 1559 1459 ecclefiae
1591 1377 1646 1457 illi

116 1482 220 1560 missa
259 1485 534 1560 interessentibus
559 1482 751 1580 {respective
790 1482 1000 1579 assignatam·
1025 1484 1079 1554 vel
1106 1483 1379 1579 assignandam,
1406 1488 1549 1582 triplum
1586 1481 1647 1573 sti·

118 1589 283 1683 pendium
308 1587 426 1685 quoad
451 1608 710 1684 quamcumque
734 1584 803 1658 diei
828 1584 978 1672 horam3
1004 1584 1175 1658 diaconus
1200 1583 1284 1658 verb
1308 1587 1477 1683 dupltun3
1503 1592 1539 1665 dt
1569 1584 1645 1662 sub

118 1690 284 1764 diaconus
310 1686 493 1787 simplum.
520 1687 569 1761 Et
594 1687 803 1783 quimmque
829 1681 935 1758 milla
961 1684 1088 1773 majori
1114 1710 1189 1759 non
1215 1682 1399 1777 adfuerit,
1426 1690 1571 1765 tertiam
1607 1690 1647 1765 u

116 1786 247 1865 sextam
275 1790 368 1866 illius
400 1791 468 1863 diei
494 1813 568 1862 non
606 1789 782 1877 lucretur,
807 1785 873 1860 nili
897 1785 982 1873 justu
1007 1788 1271 1862 &rationabili
1306 1785 1433 1879 causa,
1457 1794 1495 1866 δι
1518 1792 1562 1867 de
1588 1790 1640 1865 lle

116 1893 226 1969 tentia
253 1893 376 1965 decani
406 1893 460 1963 vel
487 1890 628 1964 alterius
654 1892 691 1962 in
718 1889 830 1961 choro
855 1913 919 1985 pro
945 1908 1106 1984 tempore
1127 1889 1342 1986 ptaesrdentis
1368 1886 1642 1973 assentatoriae

118 1988 209 2090 snpra
237 1992 334 2091 quod
359 1991 613 2066 conscientiam
638 1992 789 2090 petentis
814 1992 1099 2066 &concedentis
1135 1993 1318 2066 licentiam
1355 2010 1570 2068 oneramus:
1593 1992 1643 2093 Et

114 2095 322 2192 quicumque
356 2093 541 2168 matutinis
575 2091 807 2170 &laudibus
844 2088 1061 2183 interfuerit,
1087 2095 1253 2166 lucretur
1273 2095 1424 2193 triplum
1447 2088 1558 2193 quini
1590 2094 1640 2175 'tud

112 2210 380 2293 'quamcumque¹
395 2195 466 2268 diei
494 2195 622 2270 horam
647 2196 823 2280 lucratur,
848 2197 885 2268 δι
910 2190 1048 2291 insuper
1072 2190 1283 2290 stipendium
1310 2195 1453 2292 primae,
1479 2198 1642 2294 quamvls

110 2294 157 2371 illi
186 2322 262 2372 non
301 2293 435 2371 intersit
462 2349 471 2367 .
501 2317 537 2366 ε
575 2295 748 2367 Volumus
773 2297 883 2367 etiam
907 2299 944 2368 dc
969 2294 1014 2366 de
1039 2293 1192 2383 ejusdem
1218 2294 1327 2371 Cath.
1363 2295 1639 2386 Maiestatis'itt·

99 2392 236 2474 stantia
262 2401 298 2474 ὃ(
335 2397 506 2493 petitione
541 2395 770 2483 ordinamus,
795 2396 890 2492 quod
927 2395 978 2466 bis
1003 2395 1293 2471 inhebdomada
1317 2400 1515 2494 capitulum
1549 2396 1638 2475 con'·

96 2517 296 2597 gregernr.
323 2498 426 2573 Feria
453 2497 624 2571 videlicet.
643 2496 748 2570 tertia
775 2497 939 2569 tradetur
965 2495 1081 2569 ibide
1106 2498 1258 2593 negotiis
1282 2503 1566 2590 occurrentibus3
1586 2498 1638 2579 se·

86 2598 158 2675 ria
198 2623 318 2674 autem
356 2597 451 2674 sexta
465 2599 509 2671 de
534 2599 632 2672 nulla
660 2599 729 2671 alia
743 2593 856 2669 renisi
880 2599 925 2671 de
950 2620 1093 2670 morum
1116 2600 1331 2676 correctione
1355 2602 1637 2681 &emendatio

84 2694 174 2793 ne,
202 2708 239 2779 δι
263 2703 307 2776 de
332 2703 444 2776 modo
469 2700 677 2799 prudicandi
702 2699 924 2793 evangelium
949 2698 1157 2795 neophytis,
1183 2704 1295 2775 aede
1328 2725 1455 2779 eorum
1488 2718 1636 2781 conver*²

78 2793 225 2878 fione:
254 2805 421 2891 trahetur
457 2804 571 2879 etiam
606 2802 651 2875 de
688 2802 752 2893 iiq,
778 2824 855 2898 quae
881 2801 926 2874 ad
950 2802 1085 2875 cultum
1111 2801 1273 2877 divinum
1305 2802 1439 2879 debite'
1457 2805 1636 2882 celebrae

77 2897 217 2995 dum,
259 2909 296 2985 u
330 2905 376 2978 ad
409 2902 631 2978 honestatem
667 2903 876 2995 elericorum
912 2901 1086 2998 spedant.
1121 2901 1170 2977 Et
1194 2906 1292 2980 nulla
1319 2906 1390 2978 alia
1409 2906 1471 2992 die
1497 2908 1636 3005 capitul

70 2995 182 3078 ium
208 3016 465 3099 congregetur.
493 3028 530 3075 :a
570 3002 677 3077 Item·
688 3001 870 3075 statuimus
895 3007 931 3080 dt
954 3004 1195 3094 declaramus,
1222 3004 1318 3100 quod
1339 3006 1485 3103 quilibet
1522 3008 1632 3085 eccle·

64 3092 160 3176 fia
188 3106 224 3178 bc
250 3101 402 3177 dioecests
428 3103 571 3176 clericus
598 3103 719 3198 primae
745 3103 895 3176 tonsura
921 3104 1060 3178 adhoc
1086 3123 1125 3178 ut
1151 3104 1255 3199 pollit
1280 3107 1464 3202 privilegio
1481 3112 1633 3205 gaudere

63 3203 284 3295 clericali,
309 3201 444 3278 deserat
480 3201 662 3277 tonsuram
697 3203 952 3300 magnitudinis
975 3205 1077 3277 unius
1110 3206 1237 3303 regalis
1272 3218 1444 3302 argenteae
1479 3226 1634 3287 monetae

29 3367 35 3383 ,
59 3303 234 3380 usualis
260 3302 460 3403 Hispaniae,
484 3309 521 3382 dt
547 3303 695 3378 tondeat
720 3304 868 3401 capillos
894 3328 954 3400 pet
977 3306 1068 3379 duos
1090 3306 1220 3402 digitos
1246 3324 1388 3381 tantum
1415 3304 1505 3381 insta
1532 3330 1635 3387 auree

54 3400 113 3474 ’ἐι
153 3426 257 3505 tergo
284 3407 497 3504 procedente
521 3402 658 3480 scissura
670 3459 682 3496 ,
708 3405 941 3503 induaturque
967 3405 1112 3481 vestibus
1137 3402 1310 3500 honestis,
1338 3410 1435 3483 velut
1445 3409 1634 3504 chlamyde

51 3497 165 3581 seu
189 3507 323 3605 pallio,
347 3509 445 3606 quod
477 3508 668 3604 vulgariter
693 3522 914 3603 nuncupatur
938 3506 1010 3580 laba
1034 3507 1237 3600 b-manteo,
1263 3510 1384 3585 clauso
1417 3513 1472 3584 vel
1508 3530 1634 3615 apepto

65 3607 153 3680 ad
177 3629 310 3683 terram
337 3607 443 3708 usque
467 3634 578 3684 unum
603 3612 762 3705 palmum
789 3607 975 3706 protenso,
1000 3624 1075 3685 non
1099 3613 1196 3686 rubei
1221 3608 1281 3685 sed
1317 3613 1459 3687 alterius
1492 3610 1634 3703 honesti

68 3710 257 3802 colotis,
283 3714 409 3785 tamin
434 3710 580 3785 vestibus
589 3708 837 3807 superioribus,
861 3735 972 3807 quam
991 3713 1029 3785 in
1054 3708 1276 3787 inferioribus
1287 3715 1555 3813 apparentibus?
1580 3728 1620 3783 :a

68 3802 241 3885 annia
276 3809 446 3885 beneficia
490 3819 532 3889 ἃ·
562 3810 698 3909 singula
746 3830 823 3885 tam
856 3836 1050 3888 cumcurn
1074 3838 1184 3910 quam
1207 3811 1278 3887 sate
1303 3838 1388 3888 cura
1414 3837 1474 3910 pet
1512 3828 1631 3890 totam

91 3906 286 3985 dmesnn
320 3911 503 3987 existentia
539 3914 781 4003 decernimuS,
819 3930 860 3985 ut
888 3912 1083 4010 posthanc
1117 3916 1403 3988 nominationem
1436 3915 1629 4011 primatu,

94 4010 390 4113 quotiescumque
414 4016 458 4088 de
482 4013 532 4087 eis
557 4012 737 4109 providere
763 4013 980 4110 contingat,
996 4008 1078 4087 liliis
1110 4016 1287 4089 duntaxat
1324 4014 1631 4113 patrimonialibus

85 4106 319 4207 ‘ab'incolis,
344 4118 404 4213 qui
430 4138 473 4189 ex
497 4113 671 4214 Hispania
699 4116 738 4188 iu'
759 4114 889 4189 didam
915 4116 1131 4210 pro'vin'ciam
1156 4114 1565 4214 huntsquedevenerlnt‚
1591 4120 1628 4197 &

96 4207 230 4299 ,ib‘e'is
248 4214 555 4308 descendentibus,
582 4240 657 4289 non
683 4236 804 4290 tamen
831 4216 852 4288 a
876 4214 959 4291 filiis
982 4218 1217 4293 oriundorum
1237 4222 1264 4291 a
1288 4220 1386 4294 distis
1411 4218 1533 4294 instilis
1566 4230 1641 4296 an·¹

94 4318 248 4412 fitquam
280 4318 460 4393 chtisliani
492 4317 645 4393 eandem
681 4318 901 4416 provinciam
935 4319 1209 4412 inhabitarent,
1243 4320 1358 4395 donec
1380 4327 1420 4400 dl
1450 4312 1630 4425 quousque

100 4422 174 4501 per·
272 4442 374 4493 atum
398 4421 533 4518 Regem
559 4420 717 4495 nostrum
741 4416 968 4516 Philippum,
993 4422 1047 4495 vel
1074 4425 1145 4510 eius
1170 4446 1234 4520 pro
1271 4444 1429 4521 tempore
1462 4424 1629 4505 successo*

97 4520 153 4609 ,ΥΒ
191 4542 276 4619 uper
311 4521 382 4595 hoc
417 4524 512 4595 aliud
548 4519 656 4596 suerit
678 4521 883 4612 decretum,
909 4520 1078 4621 ptaemilso
1113 4526 1276 4599 examine
1301 4532 1338 4601 dt
1373 4528 1629 4625 approbatione
1727 4572 1733 4583 ·
1873 4552 1883 4567 ‘

91 4617 198 4701 ”lxta
222 4617 379 4698 sormam
404 4625 443 4697 in
466 4622 667 4723 episcopatu
691 4627 728 4699 ὅ(
753 4622 895 4698 ecclesia
924 4622 1110 4699 Palentina
1138 4626 1230 4699 inter
1264 4625 1356 4703 filios
1391 4632 1629 4730 patrimonia·-

87 4695 148 4781 ¹²8
182 4718 349 4799 hedenus
382 4722 640 4816 observatam,
677 4725 957 4823 provideantur:
996 4726 1084 4799 dum
1109 4744 1230 4800 tamen
1257 4728 1320 4804 srlii
1357 4720 1628 4828 patrimoniales

76 4793 148 4897 ‚50
191 4824 336 4917 provisi·
360 4823 466 4902 insta·
501 4850 638 4905 anuum
681 4831 719 4907 dt
754 4826 943 4901 dimidium
971 4827 1063 4926 ‘post
1097 4827 1331 4925 provisronem
1364 4832 1424 4907 feu
1449 4825 1627 4919 collado

71 4910 187 5005 sum
211 4929 405 5005 eorundem
429 4926 681 5025 beneficiorum
705 4930 922 5005 collatorum
948 4928 1239 5006 ratihabitionem
1264 4956 1387 5011 coram
1400 4928 1559 5031 ςιιοδῐεζῗ-
1568 4943 1626 5013 vel

76 5014 170 5103 l‘to
203 5045 361 5137 tempore
394 5028 619 5113 existentibus
656 5030 821 5140 episcopis
855 5030 1222 5131 Tactmanenlbus,
1257 5042 1296 5118 .&
1331 5028 1627 5145 approbationem
1718 5070 1723 5077 ·

1031 5172 1035 5177 ·
1507 5168 1577 5247 prae
