3864 5686
166 398 171 403 .
244 354 297 429 ω
549 357 554 365 ·
664 338 1253 422 oxornartonna
1350 350 1356 363 ·

297 485 344 562 In
367 482 489 586 quibu's
512 487 588 558 non
611 481 750 558 videtur
774 479 967 584 Episcopus
988 482 1079 562 bene
1104 482 1167 560 fibi
1191 483 1375 564 constare.
1411 483 1452 564 Si
1474 485 1575 565 enim
1604 481 1734 569 Pontia

191 586 258 692 sex
277 608 375 666 caret
401 585 621 664 authoritate
647 583 808 662 adversus
833 584 989 664 infideles
1014 611 1193 686 paganos,
1218 610 1260 666 ut
1284 590 1329 664 ad
1354 613 1390 665 2.
1401 589 1514 688 objeci.
1541 590 1672 687 habet,
1693 597 1733 675 δι

191 694 277 792 quia
311 708 409 767 caret
448 688 699 782 authoritate,
735 691 918 766 nemiuem
942 688 1056 790 potest
1093 689 1283 768 Indiarum
1306 693 1445 793 Regem
1481 692 1692 771 constituere
1717 747 1731 789 ,

189 792 375 893 quomodo
411 789 525 891 potest
559 789 769 868 constituere
794 791 1091 892 Imperatorem?
1128 792 1169 869 Si
1193 795 1317 894 nequit
1354 796 1457 871 alteri
1482 794 1642 872 conserte
1678 798 1732 887 ius

188 895 355 994 exigendi
380 893 554 972 tributum
577 895 720 993 regale3
745 897 930 995 quomodo
953 892 1067 996 potest
1092 891 1253 972 conferre
1277 898 1333 988 ius
1354 900 1517 997 exigendi
1556 900 1730 977 tributum

192 998 401 1096 imperiale?
426 997 476 1072 Et
501 1020 609 1095 quare
633 1020 709 1074 non
733 995 844 1096 posset
869 999 939 1076 hoc
963 998 1136 1076 tributum
1162 1000 1198 1074 vi
1224 1004 1261 1077 &
1285 1000 1379 1078 bello
1404 1002 1605 1099 extorqueri
1630 1005 1731 1082 ultro

193 1104 270 1176 non
295 1098 534 1175 solventibus?

297 1198 471 1290 Praeterea
494 1201 587 1276 inter
608 1199 705 1279 bona
731 1229 854 1303 regum
872 1228 1094 1304 paganorum
1116 1205 1272 1303 primum
1295 1201 1345 1280 est
1370 1202 1643 1303 independentia
1665 1224 1728 1285 aut

191 1301 427 1403 suprematia.
454 1300 506 1379 At
531 1301 614 1377 huic
639 1327 699 1401 per
735 1307 956 1402 imperialem
982 1309 1081 1383 illam
1117 1308 1331 1404 dignitatem
1356 1308 1593 1403 praeiudicium
1629 1332 1730 1404 para·

194 1427 273 1483 tur.
301 1407 416 1505 Igitur
441 1403 468 1480 sr
492 1403 564 1480 hoc
589 1404 724 1481 bonurn
750 1410 833 1484 licet
858 1406 940 1483 fidei
965 1411 1081 1508 gratia
1122 1410 1248 1484 tollere
1283 1410 1339 1484 vel
1374 1407 1572 1507 usurpare,
1607 1410 1729 1486 licebit

192 1511 378 1588 &tollere
405 1509 499 1585 alia.
538 1506 705 1582 Tandem
740 1510 828 1585 dum
853 1508 1005 1585 facultas
1038 1509 1280 1600 conceditur,
1315 1527 1361 1584 ut
1384 1508 1466 1584 lndi
1504 1509 1731 1600 subjiciantur
1780 1527 1782 1531 ⁴

192 1610 270 1712 post
294 1611 519 1710 evangelium
545 1610 796 1706 praedicatum,
822 1609 871 1686 est
895 1610 1012 1688 sermo
1037 1614 1081 1686 de
1106 1610 1315 1701 subjettione
1352 1612 1577 1702 voluntaria,
1611 1622 1658 1686 an
1683 1612 1731 1689 de

193 1713 405 1805 sublestione·
426 1735 487 1812 per
513 1715 642 1786 arma?
668 1711 708 1788 Si
732 1714 907 1812 primum,
934 1714 971 1788 id
997 1716 1007 1788 i
1031 1711 1110 1788 sum
1136 1715 1219 1787 licet
1247 1731 1330 1787 ante
1354 1715 1577 1813 evangelium
1602 1713 1728 1810 praedi-

191 1837 339 1908 catum,
365 1817 450 1916 quin
474 1810 519 1887 fit
544 1838 631 1910 opus
655 1813 876 1891 concessione
902 1741 1105 1913 pontibcia.
1131 1815 1169 1890 Si
1196 1813 1386 1890 secundum
1404 1813 1520 1892 rursus
1538 1813 1732 1912 queritur',

195 1945 242 1996 an
267 1918 492 2016 evangelium
517 1915 746 2013 praedicatum
768 1915 983 2016 supponatur
1007 1915 1111 2003 simul
1132 1913 1340 2008 admissum,
1367 1941 1415 1992 an
1439 1917 1629 2004 rejectum?
1655 1916 1731 1993 Pri·

193 2046 296 2096 mum
320 2043 430 2096 nemo
455 2019 607 2109 dixerit,
634 2020 731 2117 quod
757 2043 818 2116 per
843 2016 952 2094 fidem
974 2017 1160 2094 admissam
1183 2015 1248 2092 fiat
1274 2018 1426 2115 potestas
1450 2018 1655 2116 subjugandi
1668 2045 1730 2116 pa-

193 2147 329 2225 ganos,
355 2122 415 2219 qui
440 2117 468 2194 fi
494 2116 578 2194 fidei
603 2123 879 2212 reludlarentur,
905 2119 1082 2218 subjugati
1109 2145 1184 2195 non
1208 2139 1394 2220 poterant.
1432 2119 1471 2195 Si
1497 2119 1690 2195 secundum
1716 2173 1730 2214 ,

193 2250 257 2343 cur
282 2224 401 2401 &tius
425 2222 870 2402 rfjiciffoessvpaffgdium
895 2222 1127 2339 praedicantum
1136 2275 1160 2399 't
1174 2247 1281 2320 quam
1308 2220 1538 2400 imlgedientes
1562 2223 1731 2400 psraebt‘liica-

192 2350 271 2505 301]
274 2423 336 2504 fise
336 2348 536 2527 bubbiestpst
537 2345 733 2502 ebiiterexit
743 2346 817 2502 guo
839 2346 912 2414 ture
937 2348 975 2398 rn
1001 2346 1143 2414 reveren
1161 2347 1198 2400 es
1220 2347 1354 2477 evange
1382 2349 1445 2400 um
1468 2350 1543 2400 non
1589 2350 1612 2399 u
1660 2345 1731 2402 rtos

282 2527 504 2607 Dicendum
528 2551 636 2624 ergo,
662 2527 924 2606 concessionem
947 2526 1017 2606 ⁸seu
1041 2528 1276 2623 donationem
1311 2528 1537 2624 Alexandri,
1575 2523 1732 2610 &srmb

190 2635 266 2725 les,
292 2627 391 2707 suiil'e
416 2655 454 2705 re
480 2631 789 2724 conditionatam,
813 2649 855 2707 ut
879 2633 960 2708 Rex
982 2630 1192 2708 Catholicus
1216 2631 1298 2707 fidei
1324 2637 1501 2731 protestor
1538 2635 1731 2710 accedente

193 2735 302 2810 titulo
326 2730 542 2825 debellaret,
568 2738 605 2810 dt
629 2729 1037 2833 debellatapossrderet.
1063 2733 1229 2832 Contigit
1255 2733 1340 2809 verb
1366 2736 1404 2808 in
1428 2734 1596 2827 decursu,
1622 2755 1664 2810 ut
1684 2758 1732 2810 ex

195 2835 331 2924 injuriis
356 2835 563 2932 evangelio,
588 2835 834 2910 innocentibus
861 2835 1033 2934 indigenis
1058 2834 1247 2934 prasertim
1282 2835 1457 2932 parvulis,
1483 2840 1530 2909 dr.
1554 2834 1730 2910 Castella-

195 2960 253 3010 nae
277 2936 375 3033 genti
401 2936 588 3034 irrogatis,
616 2937 712 3014 tituli
738 2937 783 3011 ad
808 2936 1013 3011 bellandum
1038 2941 1075 3013 ἃ
1096 2934 1344 3010 debellandum
1371 2934 1628 3009 abundaverint
1651 2932 1728 3031 pas-

193 3036 283 3116 sim.
310 3034 449 3137 Qtodsr
473 3036 610 3127 justitiae
634 3037 720 3113 fines
747 3035 970 3135 transgressus
995 3034 1045 3111 est
1070 3037 1262 3134 aliquando
1286 3033 1574 3110 Castellanorum
1600 3036 1729 3132 aliquis

192 3164 294 3218 error
317 3138 389 3217 suit
413 3143 449 3218 ὅ(
473 3136 556 3216 salli
582 3147 619 3220 ἃ
643 3142 821 3241 privatus,
847 3162 914 3214 nec
941 3138 962 3213 b
987 3134 1163 3215 Pontifice
1199 3161 1266 3211 nec
1293 3136 1314 3208 al
1339 3137 1439 3234 Rege
1470 3135 1662 3234 probatus,
1686 3156 1732 3216 ut

193 3264 294 3344 patet
319 3268 364 3320 ex
381 3241 671 3344 compensatione
695 3243 754 3320 seu
772 3243 997 3340 reparatione
1015 3240 1231 3315 danmorum
1253 3236 1450 3313 Atabalibre
1472 3237 1533 3335 seu
1553 3236 1730 3317 Atahuab

192 3347 368 3521 mv
385 3347 540 3535 m
689 3346 892 3516 nnn
911 3336 1175 3515 mxx
1200 3339 1246 3515 t
1262 3337 1641 3532 amnne

192 3542 303 3643 Qvod
327 3542 355 3619 sr
378 3545 454 3642 quis
478 3496 716 3662 aeqrialitatem
741 3536 912 3658 desideret
938 3543 976 3615 in
1001 3493 1430 3660 faslacor’npensatione,
1463 3545 1728 3621 animadvertat

193 3639 1143 3849 illst,ilbllltnslttlttlsillisit
1160 3644 1731 3844 ttlfittlltpttttl‘tlt

192 3849 265 3930 sert
288 3849 468 3928 sandoval
494 3848 590 3946 (l),
617 3855 653 3928 ἅ
677 3851 760 3950 quia
776 3863 914 3924 eontra
939 3845 1089 3925 fratrem
1113 3853 1150 3927 dt
1175 3849 1454 3947 primogenitum
1487 3855 1528 3928 ¹dt
1551 3850 1729 3927 haeredem

193 3955 294 4055 regni
318 3955 549 4031 rebellaverat
577 3956 669 4044 (c).
829 3975 834 3979 ·

296 4055 441 4133 Dixerit
465 4057 565 4155 quis,
591 4052 907 4132 concessionemeo
932 4051 1034 4130 sensu
1056 4051 1186 4134 fartam
1211 4050 1279 4129 esse
1304 4056 1492 4147 inutilem,
1519 4050 1602 4155 quia
1613 4081 1728 4156 quan-

193 4156 244 4236 ‹lo
268 4154 311 4232 fit
337 4156 463 4245 injuria
488 4157 723 4245 vindicanda,
758 4160 869 4252 q'uivis
906 4156 1086 4232 vindicare
1112 4155 1245 4254 potest.
1272 4154 1379 4234 Utilis
1405 4178 1528 4233 tamen
1562 4155 1612 4241 est
1638 4184 1727 4234 con·

194 4256 323 4350 cessio,
349 4277 428 4332 tum
475 4257 535 4330 uia
561 4280 673 4330 novus
700 4258 823 4332 titulus
850 4256 987 4332 accedit
1013 4259 1156 4334 aliunde
1181 4257 1423 4350 existentibus3
1455 4278 1534 4334 turn
1568 4260 1652 4360 quia
1678 4262 1727 4335 ti-

192 4381 251 4438 cet
277 4357 419 4436 utilibet
443 4283 498 4434 sis
523 4355 567 4432 srt
593 4358 760 4448 injuriam
779 4357 868 4433 dum
892 4355 954 4433 fibi
981 4364 1043 4435 a'ut
1061 4360 1163 4435 alteri
1187 4355 1229 4434 fit
1254 4360 1390 4435 auxilio
1416 4362 1615 4461 indigenti,
1634 4361 1728 4436 dnm

191 4459 236 4540 fit
261 4464 407 4561 inquam
432 4462 511 4538 adlu
527 4461 617 4545 ¹loco
643 4464 679 4538 dt
705 4478 884 4559 tempore,
911 4459 1134 4559 propulsare;
1169 4485 1253 4537 cum
1279 4480 1401 4536 tamen
1428 4466 1506 4541 ablu
1541 4488 1617 4538 non
1643 4460 1687 4538 fit
1713 4518 1727 4557 ‚

192 4563 254 4641 sed
279 4562 472 4665 periculum
494 4559 615 4639 estne
640 4559 728 4656 fiat,
754 4565 810 4639 vel
835 4560 876 4639 sit
903 4563 940 4637 in
964 4564 1047 4648 loco
1063 4561 1216 4638 distante
1240 4563 1313 4660 qub
1333 4565 1448 4662 plures
1473 4567 1519 4643 ad
1543 4564 1727 4640 vindicam

191 4665 279 4743 dum
304 4667 491 4742 convenire
514 4660 673 4762 possunt,
699 4663 812 4762 potest
837 4662 994 4740 Ecclefia
1021 4665 1121 4741 alteri
1147 4688 1216 4760 prae
1237 4667 1351 4741 altero
1370 4668 1586 4764 provinciam
1612 4666 1725 4760 dare',

190 4771 247 4847 vel
270 4769 354 4871 quia
377 4764 449 4847 fide
471 4765 590 4843 sanior
613 4765 682 4861 est,
709 4770 764 4844 vel
780 4765 836 4842 >ad
859 4765 1021 4844 vitandas
1046 4767 1307 4845 catholicorum
1332 4767 1542 4844 discordias.

1542 4891 1597 4942 vr.
1625 4874 1672 4940 tt-

231 5118 287 5188 (a)
307 5120 437 5180 Hurtado
456 5123 492 5179 D·
515 5142 561 5188 75·
578 5124 620 5185 Dr
639 5119 732 5184 fide.
750 5123 775 5185 s·
797 5142 843 5182 n.
920 5118 978 5195 (b)
997 5121 1160 5194 Suadenti,
1179 5118 1230 5184 tib.
1252 5139 1297 5195 13·
1315 5120 1382 5197 sla'st·
1401 5122 1472 5184 Car·
1490 5118 1525 5183 V·
1543 5118 1569 5185 s·
1591 5137 1637 5188 30·

233 5194 291 5266 (c)
310 5199 391 5261 Hatr-
409 5200 476 5261 Bet·
498 5216 525 5265 ς.
543 5200 566 5264 l.
585 5219 614 5270 3·
632 5216 695 5271 rap.
717 5218 762 5266 η.
