3864 5686
368 314 490 433 '576
848 323 1431 411 onninarrnuss

357 469 648 576 comparatione,
670 495 781 572 quarn
807 473 852 547 ibi
882 471 995 551 uersat
1021 470 1272 549 Innocentius.
1298 467 1428 570 Jejunii
1451 468 1625 549 sabbatini
1647 466 1805 571 qualitas
1834 484 1894 547 aa·

334 572 513 682 ¹plicatur
538 576 567 651 l·
585 574 763 673 Gregorio
797 575 883 651 Vll.
920 580 961 652 in
996 574 1146 670 Synodo
1171 577 1373 666 Romana,
1408 595 1453 647 cx
1488 599 1558 674 qua
1582 573 1741 673 sumptus
1769 571 1822 648 est
1845 571 1892 650 C.

356 684 453 796 Quia
479 681 571 770 dies,
594 684 647 755 De
671 680 817 772 Conltcr.
841 686 889 754 D.
918 704 979 777 5.,
1004 678 1101 769 cujus
1125 679 1229 756 verba
1255 676 1360 754 sunt:
1421 675 1480 751 raia
1504 677 1579 752 dies
1598 674 1768 752 sabbathi
1800 675 1893 775 apud

356 781 505 865 Sanctus
529 777 651 857 Patres
675 780 812 863 nostros
837 783 873 856 in
901 780 1112 857 abstinentia
1138 781 1284 857 celebris
1307 777 1407 856 'esth
1456 779 1545 873 itus,
1582 802 1646 854 nos
1675 801 1807 854 eorum
1833 800 1892 851 an·

321 944 330 959 .
361 889 572 965 thoritatem
597 878 778 983 sequentes
801 882 987 961 salubriter
1011 882 1267 989 admonemus,
1294 881 1559 980 utquicrunque
1583 879 1787 957 christianae
1814 881 1891 954 reli·

386 989 475 1064 ionis
501 986 672 1087 particeps
697 983 764 1060 esse
788 984 984 1077 defidcrat,
1023 985 1067 1059 ab
1091 982 1152 1058 esu
1187 985 1350 1060 carnium
1376 984 1502 1058 eadem
1537 983 1596 1058 dic
1621 989 1637 1071 (
1663 980 1730 1057 nist
1758 982 1893 1071 majore

359 1016 548 1169 sestivitate
574 1091 805 1182 adveniente,
830 1091 884 1167 t'el
910 1085 1119 1167 infirmitate
1145 1087 1389 1182 impediente)
1416 1084 1593 1173 audirent.
1621 1081 1694 1163 Ubi
1719 1082 1892 1175 ieiunium

358 1194 529 1270 indicitur
553 1189 666 1267 solum
691 1195 808 1290 quoad
834 1189 1101 1271 abstinentiam.
1123 1186 1175 1266 Et
1201 1189 1284 1265 licet
1309 1190 1546 1280 admonitio,
1581 1210 1653 1288 quo
1689 1185 1801 1263 verbo
1825 1185 1893 1261 uti·

359 1315 419 1372 tur
445 1294 673 1393 Gregorius,
710 1293 969 1392 obligationem
1005 1317 1064 1391 per
1087 1282 1123 1367 se
1160 1315 1236 1367 non
1262 1291 1436 1382 inducat,
1470 1288 1560 1365 telis
1584 1289 1683 1366 cadit
1709 1289 1750 1364 in
1782 1308 1892 1366 mate·

359 1400 452 1473 aiam
479 1421 538 1496 per
563 1397 598 1471 se
621 1395 863 1493 obligantcm,
889 1417 930 1472 ut
955 1390 1342 1492 obligationisatisfiat
1355 1391 1603 1468 admonendo.
1630 1389 1727 1468 vide
1755 1386 1891 1471 Maur

340 1501 421 1587 lib.
448 1521 486 1596 7.
511 1504 562 1573 De
587 1503 743 1596 Praecept.
769 1500 855 1573 Eccl.
881 1524 953 1597 cap.
983 1520 1040 1595 15.
1065 1524 1098 1594 q.
1125 1516 1160 1593 3.

341 1664 346 1675 .
463 1597 639 1696 Displicet
664 1623 723 1691 2.,
748 1601 844 1698 quod
869 1597 1003 1676 defellu
1028 1598 1221 1698 privilegii,
1247 1598 1345 1692 cujus
1371 1599 1478 1675 titulo
1503 1618 1624 1675 carere
1642 1594 1815 1674 dicuntur
1836 1593 1890 1675 In-

196 1738 200 1749 ·
359 1704 397 1779 di
424 1702 471 1778 ad
497 1702 650 1777 edendas
677 1704 714 1777 in
739 1700 909 1781 sabbatho
934 1725 1080 1794 carnes,
1106 1725 1173 1799 pro
1201 1702 1307 1776 titulo
1342 1703 1446 1776 detur
1472 1705 1568 1799 quod
1603 1724 1810 1797 numquam
1832 1698 1887 1776 ad·

342 1799 522 1889 miserint,
545 1801 736 1878 abstinendi
763 1804 1042 1902 obligationem,
1066 1801 1126 1879 seu
1151 1799 1345 1878 abstinendi
1370 1800 1662 1879 consuetudinem
1689 1824 1732 1878 ιιι
1759 1801 1887 1900 obliga-

361 1907 517 1989 toriam.
544 1904 631 1982 Non
658 1904 819 1983 admiffio
844 1908 991 2005 quippe,
1017 1906 1076 1981 seu
1086 1904 1341 2002 acceptationis
1366 1904 1539 1983 recusatio
1569 1905 1717 1980 titulum
1743 1902 1888 1979 minimi

360 2007 499 2108 praestat
524 2009 758 2107 exemptionis
794 2011 815 2085 i
850 2012 926 2108 lege
953 2009 1041 2084 alias
1065 2008 1306 2083 communiter
1342 2005 1544 2103 obligante.
1573 2002 1808 2106 Quamquam
1833 2007 1890 2080 illa

361 2134 436 2186 non
463 2107 669 2228 admiffione
695 2109 890 2207 supposrta,
917 2109 1075 2207 presumi
1101 2110 1255 2187 &credi
1280 2108 1476 2207 aliquando
1505 2106 1645 2208 potest,
1671 2104 1889 2185 Pontificem

362 2230 641 2412 eremiiispllicnst
658 2212 1162 2411 a3.l,egqeutiiPartibitiierendarn
1185 2312 1356 2391 Concilio
1383 2334 1445 2392 aut
1461 2311 1748 2413 Congregationi
1770 2311 1891 2388 Lima-

360 2439 416 2489 nae
443 2417 528 2491 anni
558 2436 666 2513 1552.
694 2419 766 2490 vim
791 2416 1017 2509 direslivam,
1042 2415 1156 2491 solum
1182 2417 1354 2493 habeatur
1379 2418 1476 2495 ratio
1499 2419 1544 2492 de
1567 2416 1644 2508 jure
1671 2415 1816 2492 indulto
1834 2436 1895 2513 per

341 2515 569 2618 posteriores
606 2519 834 2613 particulares
869 2516 1056 2614 synodos.
1089 2517 1266 2595 Habenda
1292 2543 1445 2619 namque
1469 2519 1565 2595 ratio
1599 2538 1678 2595 erat
1700 2518 1820 2594 etiam
1853 2514 1896 2591 de

361 2619 547 2699 communi
571 2618 646 2708 jure
671 2622 908 2718 procedente,
933 2621 992 2696 cui
1016 2644 1077 2718 per
1100 2622 1255 2697 concilia
1282 2622 1509 2720 particularia
1533 2620 1695 2716 derogari
1732 2619 1893 2719 nequit,

360 2722 494 2797 nedum
520 2741 580 2818 per
603 2744 687 2799 earn
710 2723 840 2797 nullius
866 2722 1094 2799 authoritatis
1118 2724 1456 2823 congregationem.
1488 2722 1603 2822 Igitur
1612 2720 1791 2798 Indorum
1813 2740 1896 2794 con·

360 2821 510 2898 suetudo
533 2821 630 2898 circa
653 2820 753 2900 esum
779 2822 941 2899 carnium
967 2823 1004 2899 in
1027 2822 1234 2917 sabbatho,
1269 2845 1374 2924 prout
1400 2827 1421 2900 l
1447 2824 1638 2901 castellana
1675 2820 1896 2899 consuetudi·

361 2947 408 3001 ne
433 2921 655 3017 exorbitans,
683 2921 710 2998 sr
735 2925 895 3022 legitima
919 2922 1014 3020 suit,
1037 2923 1256 3016 justificanda
1281 2926 1331 3003 ell
1355 2927 1484 3003 eodem
1511 2928 1621 3003 titulo
1646 2930 1684 3004 dt
1716 2926 1853 3000 ratione
1880 2974 1893 3013 ,

362 3050 433 3124 qua
458 3025 714 3111 lalliciniorum
739 3022 819 3111 ust'u
845 3027 881 3102 in
907 3026 1195 3128 quadragefima,
1221 3030 1360 3128 dequo
1385 3028 1487 3126 supra
1512 3027 1605 3104 Ord.
1632 3035 1722 3125 67.,
1747 3026 1806 3101 vel
1823 3045 1893 3123 qua

361 3124 655 3204 consuetudinem
681 3125 906 3205 castellanam
932 3127 1091 3218 justifices
1117 3132 1138 3205 al
1163 3132 1347 3214 communi
1372 3130 1447 3221 jure
1472 3128 1756 3227 discrepantem.
1862 3194 1868 3203 ,

414 3232 498 3320 (ιι)
523 3229 705 3318 Postremus
730 3232 927 3308 animalium
950 3250 1095 3330 parter.
1123 3232 1309 3309 Extremas
1345 3252 1462 3330 partes
1487 3234 1647 3331 intellige
1680 3250 1724 3309 ut
1752 3230 1794 3307 in
1820 3228 1890 3306 aliis

360 3328 514 3422 ejusdem
547 3330 812 3411 constitutionis
846 3333 1010 3411 clausulis
1045 3335 1221 3410 habetur:
1248 3335 1459 3412 animalium
1482 3333 1618 3411 scilicet
1656 3333 1789 3433 pedes,
1823 3350 1888 3406 non

359 3458 487 3527 crura,
514 3435 588 3509 alas
612 3436 745 3528 etiam,
771 3437 887 3530 colla,
914 3456 1036 3534 praeter
1061 3435 1249 3530 intestina,
1275 3435 1506 3537 sanguinem,
1534 3439 1669 3531 jecur,
1706 3442 1746 3515 bt
1771 3433 1887 3510 srmiles

358 3536 554 3612 minutias.
580 3535 667 3613 Non
691 3538 789 3612 enirn
814 3560 929 3636 partes
963 3540 1009 3613 de
1046 3540 1195 3638 reliquo·
1216 3537 1406 3636 postremas
1423 3544 1496 3616 'aut
1520 3542 1653 3638 primas
1686 3538 1793 3614 edere
1825 3532 1885 3610 suit

358 3637 1884 3841 {illusistisalli²23²a.l.¹1.f‘533{3lrl¹¹⁸3.ttl³⁵si³‘tillir

341 3826 349 3935 ‚⁵
360 3840 449 3936 bus,
473 3838 583 3938 vulgb
619 3843 755 3952 Quarto
778 3842 975 3937 delautero,
1010 3869 1086 3921 non
1111 3865 1232 3921 tamen
1269 3847 1307 3922 in
1332 3848 1405 3922 vim
1434 3770 1721 3938 sonsuer’udinis,
1758 3841 1819 3919 sed
1846 3862 1885 3916 cx

357 3941 619 4043 dispensatione
645 3948 902 4043 praelatorum,
934 3948 1047 4046 qualis
1085 3945 1129 4023 ab
1152 3946 1281 4024 eisdem
1308 3945 1384 4025 fieri
1423 3947 1614 4049 aliquando
1637 3945 1730 4023 solet
1765 3943 1813 4021 ad
1834 3964 1885 4019 te·

358 4045 530 4125 scendum
554 4044 716 4132 carnibus
742 4049 899 4131 veiovis
925 4050 963 4124 in
987 4047 1254 4148 quadragesima
1280 4050 1401 4128 diebus
1425 4053 1587 4153 aliquot.
1612 4049 1660 4128 Et
1697 4043 1886 4149 dispensan-

340 4148 399 4241 ,di
424 4147 531 4235 causa
557 4167 644 4233 tunc
669 4149 920 4247 prolatiserat
941 4152 1168 4253 eademque
1194 4153 1340 4240 tandem
1363 4154 1481 4234 movit
1516 4150 1738 4231 Pontificem
1775 4144 1886 4228 adse

343 4249 513 4341 ¹‚rendam
538 4249 742 4348 presentem
767 4251 1078 4335 constitutionem.
1129 4300 1131 4305 ι

413 4354 513 4442 (ιιι)
539 4353 712 4433 Pericula.
738 4351 836 4439 Haecss
852 4352 1150 4437 reveraextitillc
1185 4361 1376 4458 oportuit,
1393 4357 1692 4462 quandoquidem
1723 4349 1885 4459 prasenti

361 4450 594 4530 conceffionis
618 4480 661 4533 ea
687 4457 894 4534 conditione
918 4462 954 4537 dt
980 4460 1055 4558 lege
1080 4457 1180 4535 farta
1205 4459 1284 4538 usus
1309 4462 1466 4542 obtinuit
1491 4461 1566 4539 sme
1588 4461 1807 4543 difficultate
1830 4473 1884 4551 per

358 4556 509 4649 omnia,
535 4555 584 4635 Et
609 4555 658 4641 sac.
682 4560 857 4658 expiravit
883 4560 1089 4643 castellanus
1114 4588 1194 4640 mos
1217 4566 1421 4644 unde-unde
1444 4566 1552 4645 natus
1575 4566 1706 4642 edendi
1733 4586 1793 4662 per
1816 4553 1883 4632 sab

360 4656 542 4753 barbada
566 4661 732 4743 carnibus
754 4663 931 4748 minutias,
951 4664 1129 4759 tantum„
1165 4665 1443 4764 &postliminio
1475 4667 1641 4748 restituta
1675 4660 1883 4745 minem&

358 4762 405 4852 de
429 4760 562 4849 Grecis
585 4765 701 4849 traila
719 4763 988 4863 ¹pensiculans,
1025 4764 1119 4845 saltn
1146 4770 1375 4848 veneratione
1407 4794 1493 4870 erga
1517 4771 1779 4865 abstinenter,
1810 4782 1884 4866 qu&

344 4859 413 4955 alli
438 4862 699 4977 reprehendere.
717 4865 794 4953 aust.
808 4867 928 4955 sunta.
941 4866 993 4953 Et,
1014 4869 1347 4969 nodbapnstnlica
1373 4875 1595 4952 authoritate
1628 4870 1822 4952 umnam
1841 4861 1882 4943 ὦ
1926 4956 1928 4965 ,

344 4958 433 5079 ,fine
458 4963 547 5047 uitio
595 4968 666 5045 uod
691 4968 1023 5068 otim-adagium
1046 4977 1063 5062 (
1087 4969 1246 5051 Cixilatn
1270 4979 1291 5069 ),
1321 4973 1789 5078 scribens.'reprelaendetat
1805 4969 1883 5048 -na
1926 4986 1928 5071 j

353 5064 503 5163 statam
522 5064 560 5159 1.
597 5069 911 5163 idacoutlliun
932 5068 1185 5175 Qbilutun
1209 5072 1622 5183 tireinTrullp-apnd
1645 5074 1890 5268 ffigQ
1925 5078 1928 5209 4

527 5220 528 5225 r
1787 5205 1853 5286 epp
