3856 5678
537 294 1041 443 Arosr'o'uierr.
1097 335 1205 415 170⁰·
1261 327 1374 416 1766·
1433 375 1439 385 ·
1578 342 1657 421 493

554 556 1056 636 ORDINATIO
1131 558 1358 637 CDXLvii.

733 663 842 734 Anno
871 680 982 754 1701.
1021 685 1055 735 z.
1091 662 1180 758 Apr.

187 866 351 1046 FAsta
387 863 593 956 relatione,
630 865 822 939 nonnullos
856 886 899 938 ex
933 864 1136 961 presbyteris
1169 863 1357 940 Societatis
1383 862 1496 960 Jesu,
1529 864 1713 944 &forsan

287 969 478 1041 nonnullos
504 966 687 1040 Indiarnm
709 966 931 1054 ordinatim,
956 966 1078 1063 quibus
1102 966 1254 1041 facultas
1273 964 1493 1064 dispensandi
1518 994 1599 1042 cum
1625 970 1713 1047 neii-

187 1072 309 1170 phytis
331 1069 534 1142 earumdem
546 1069 584 1143 in
595 1091 816 1166 quocumque
829 1064 888 1140 seu
899 1067 1068 1164 quibusvis
1080 1070 1153 1157 iure
1179 1070 1301 1145 divino
1328 1094 1401 1142 non
1415 1069 1600 1166 prohibitis
1627 1095 1712 1145 con·

188 1171 435 1264 sanguinitatis
461 1189 523 1244 aut
550 1168 734 1245 affinitatis
759 1168 921 1266 gradibus
945 1171 1137 1258 conjuretis
1161 1168 1220 1242 seu
1245 1168 1279 1243 se'
1306 1171 1556 1262 attinentibus,
1593 1173 1637 1245 ad
1663 1167 1716 1245 ef-

186 1271 318 1351 festum
329 1270 562 1347 contrahendi
588 1273 678 1345 inter
699 1269 733 1344 se
758 1271 1055 1363 matrimonium,
1081 1271 1139 1346 seu
1166 1273 1201 1344 in
1222 1271 1295 1360 iam
1320 1273 1430 1346 etiam
1457 1269 1605 1349 scienter
1628 1296 1715 1346 con·

189 1375 309 1454 tradis
333 1373 563 1465 remanendi,
587 1370 651 1446 sub
674 1374 779 1446 certis
802 1368 920 1447 forma
946 1377 981 1449 dt
1005 1374 1116 1447 modo
1144 1392 1228 1447 tunc
1265 1372 1424 1470 expreffis
1459 1373 1615 1448 concessa
1642 1371 1718 1448 fue-

141 1480 144 1487 “
188 1496 269 1564 rat,
296 1475 414 1572 vigore
441 1473 499 1549 seu
524 1493 692 1570 praetextu
717 1470 1095 1563 facultatisejusmoit
1132 1477 1392 1573 cumpluribus
1429 1473 1582 1573 personis
1614 1475 1718 1572 super

130 1641 140 1660 ,
187 1576 435 1679 praenarratis,
456 1575 554 1650 'bona
579 1575 724 1675 quidem
748 1573 819 1649 fide
844 1579 932 1668 (t),
970 1573 1028 1651 sed
1054 1577 1221 1669 nullust,
1247 1576 1305 1650 seu
1330 1600 1373 1649 eir
1397 1602 1444 1651 eo
1480 1581 1575 1675 quod
1601 1574 1715 1651 facul-

188 1700 246 1756 tas
271 1679 514 1776 expiraverat,
539 1675 599 1752 seu
625 1679 720 1773 quod
744 1673 916 1752 facultate
940 1703 1005 1776 pto
1040 1677 1239 1774 neophytis·
1254 1676 1353 1751 Indis
1387 1675 1579 1770 concessa,
1605 1681 1719 1753 etiam

188 1806 274 1856 cuni
300 1782 341 1853 iis
366 1781 425 1877 qui
451 1799 654 1852 nouerant
680 1779 861 1874 originarii
886 1793 954 1875 per'
972 1804 1096 1854 omnes
1120 1779 1253 1873 lineas,
1278 1780 1381 1878 quive
1407 1803 1467 1877 per
1492 1804 1603 1854 unam
1640 1800 1719 1871 tan·

191 1880 272 1958 inm
297 1901 436 1980 partein
461 1881 638 1978 originem
674 1880 890 1971 trahebant,
927 1884 1031 1981 vulgo
1057 1897 1264 1976 quarteroiier
1289 1884 1534 1980 nuncupatis,
1567 1883 1621 1953 rel
1659 1879 1720 1978 q'ui

190 1986 353 2060 odanam
379 2001 517 2080 partem
542 2006 603 2079 per
628 2006 831 2080 proavum,
870 1982 943 2054 vel·
962 1984 1149 2080 proaviam
1173 1981 1384 2077 habebant,
1414 1981 1520 2080 vulgis
1552 1985 1722 2079 pachaeles

192 2087 327 2161 vocatis
353 2084 427 2158 usui
455 2081 619 2175 fuerant,
645 2079 873 2180 dispensasse,
900 2108 982 2158 cuin
1008 2109 1127 2159 revera
1154 2102 1363 2180 quarterones
1387 2086 1609 2181 &pucbaeler
1633 2080 1722 2171 ejus-
1787 2118 1790 2135 =

191 2188 292 2261 modi
320 2186 491 2259 Indorum
517 2184 782 2282 neiiphytorum
808 2187 953 2260 nomine
978 2212 1053 2260 non
1079 2186 1331 2284 comprehendi
1358 2184 1568 2262 Cardinales
1603 2185 1723 2260 Gene-

193 2291 275 2363 ralis
303 2284 544 2381 inquisitionis
571 2284 842 2382 responderint3
880 2312 922 2359 ac
949 2289 1094 2383 proinde
1120 2289 1350 2363 matrimonia
1378 2307 1548 2385 praetextu
1586 2282 1723 2382 dispen-

194 2389 375 2481 sationum
400 2383 570 2472 eiusmodi
597 2388 777 2459 contraite
804 2387 902 2458 nulla
928 2384 1080 2476 fuerint3
1106 2406 1213 2462 motu
1236 2391 1380 2483 proprio
1404 2394 1485 2475 (ii)
1513 2391 1624 2462 aede
1652 2411 1725 2462 cet·

195 2513 234 2564 ta
261 2487 432 2575 scientia,
458 2510 499 2558 ac
525 2487 568 2559 de
596 2484 794 2583 apostolicas
819 2483 1000 2583 potestatis
1026 2488 1267 2581 plenitudine,
1295 2485 1322 2560 si
1348 2490 1436 2562 alias
1461 2493 1556 2580 (iii)
1593 2487 1660 2562 rite
1686 2493 1724 2565 dt

194 2587 354 2686 legitime
381 2587 560 2681 contraila
588 2584 677 2677 sirit,
716 2587 803 2662 talia
835 2580 1072 2662 ¹matrimonia
1101 2588 1364 2665 revalidantur.
1401 2589 1726 2686 Declaraturque,

194 2692 256 2764 illa
283 2690 453 2777 eiusmodi
482 2688 745 2763 revalidationis
768 2691 887 2787 vigore
911 2691 986 2763 vim
1011 2693 1057 2791 ⁵&
1089 2687 1284 2765 efficaciam
1312 2690 1511 2766 ualidorum
1547 2696 1585 2769 bt
1608 2690 1728 2787 legiti-

192 2791 252 2868 me
279 2793 541 2867 contradotum
567 2788 716 2883 habere,
743 2792 887 2887 perinde
912 2817 954 2865 ac
981 2787 1008 2862 si
1034 2791 1076 2864 ab
1103 2791 1207 2865 initio
1232 2797 1269 2870 dt
1292 2793 1328 2865 in
1354 2793 1497 2884 radice,
1531 2798 1568 2871 dt
1597 2794 1725 2888 praevi'a

193 2891 449 2991 dispensatione
488 2891 671 2989 pontificia
709 2895 888 2969 contrado
924 2889 1095 2967 fuissent:
1121 2890 1248 2990 eosque
1272 2894 1333 2991 qui
1370 2893 1461 2970 diua
1490 2894 1726 2970 matrimonia

194 3014 474 3083 contraxerunt,
503 2990 600 3088 posse
624 3018 666 3065 ac
690 2995 813 3085 debere
839 2997 875 3067 in
902 2992 971 3066 illis
996 3017 1178 3093 remanere
1205 2992 1330 3093 absque
1356 3018 1403 3070 eo
1425 2995 1520 3094 quod
1537 2998 1540 3002 ’
1558 2997 1604 3071 de
1628 3019 1729 3071 novo

196 3095 407 3170 contrahere
434 3099 558 3182 (iv),
584 3090 643 3165 seu
668 3118 802 3168 novum
829 3090 1034 3168 eonsensum
1069 3091 1228 3190 praestare
1252 3094 1429 3171 debeant:
1467 3095 1645 3196 prolesque
1671 3095 1727 3173 sti·

196 3196 333 3294 sceptas
356 3192 648 3288 &suscipiendas
674 3195 850 3291 legitimas
886 3196 1016 3291 quoad'
1039 3213 1226 3293 utrumque
1251 3191 1372 3270 forum
1397 3197 1529 3271 censeri
1563 3197 1727 3272 debere».

195 3299 252 3374 Eri
279 3297 437 3372 archivio
461 3292 630 3391 Collegii⁴
640 3290 899 3387 Cordubensis,
924 3294 1020 3402 quod
1047 3293 1115 3375 fuit
1140 3293 1329 3374 societatis
1352 3292 1436 3395 Jesu
1469 3297 1509 3389 itt
1542 3297 1728 3376 Tucuma-

195 3401 281 3476 nia.
308 3398 439 3499 Incipit
466 3395 676 3499 apostolica.
1059 3430 1064 3439 ·
1699 3438 1705 3446 ·

522 3589 1364 3735 ,Annonarioue'n'l
1453 3560 1458 3568 ’

248 3816 317 3904 (t)
342 3821 433 3893 Bona
451 3814 541 3903 fide.
568 3813 707 3913 Nempe
732 3812 881 3890 fundata
909 3817 945 3888 in
972 3810 1193 3888 conceffione
1218 3811 1273 3887 Pii
1296 3813 1386 3906 IV.,
1412 3818 1448 3890 br
1472 3813 1625 3889 alioruin
1636 3810 1735 3890 Pon·

198 3915 336 3990 tifieum
360 3914 453 3990 sada
478 3913 743 4012 quoad-sonim
781 3913 1005 3989 conscientie
1044 3938 1125 3986 cum
1151 3911 1302 4009 expressa
1328 3933 1419 3988 nota
1454 3917 1736 4011 perpetuitatis,

184 4030 276 4114 'quar
302 4019 345 4089 in'
366 4038 454 4092 tunc
477 4018 607 4089 ultima
635 4013 831 4089 Alexandri
858 4013 964 4088 viii.
992 4013 1244 4110 prorogatione
1257 4050 1272 4104 ,=
1293 4038 1370 4087 non
1394 4013 1540 4111 quidem
1563 4037 1734 4092 revocata

199 4115 376 4214 expresse,
403 4117 461 4194 sed
475 4113 658 4215 ,suppressa
685 4136 827 4192 tantum
852 4136 949 4193 erat.
976 4114 1024 4190 Et
1051 4113 1101 4191 est
1125 4115 1286 4190 dositina
1312 4117 1465 4218 plurium
1492 4118 1584 4211 apud
1621 4107 1733 4192 Card.

196 4220 242 4294 de
270 4219 376 4314 Lugo
404 4219 492 4312 15),
517 4219 614 4318 quod
640 4218 815 4295 concessio
838 4217 990 4295 restricta
1017 4215 1185 4316 posterior
1221 4243 1296 4293 non
1322 4219 1420 4294 tollit
1457 4218 1734 4318 amplitudinem

201 4345 263 4397 aut
289 4323 563 4420 perpetuitatem
589 4323 798 4414 anterioris,
825 4319 981 4407 marinii
1007 4345 1091 4395 cum
1116 4319 1283 4420 posterior
1308 4319 1477 4397 resttiiiio
1501 4324 1586 4397 alias
1622 4321 1734 4397 habet

198 4422 390 4499 facultates
416 4425 575 4520 adquae
609 4422 733 4500 referri
758 4422 896 4522 possit,
933 4410 1031 4499 &un
1057 4449 1206 4596 quanam
1246 4424 1500 4518 tempotilitate
1525 4423 1587 4498 sua
1625 4426 1675 4498 vis
1701 4429 1740 4500 dt

199 4525 357 4601 efficacia
386 4523 451 4600 stet
478 4526 707 4602 concessionis
741 4523 934 4601 restrisiivae
969 4521 1056 4623 figni
1083 4525 1251 4612 cationi,
1287 4522 1357 4620 qua
1382 4524 1551 4620 privanda
1586 4549 1660 4597 non
1685 4522 1738 4599 est·

199 4630 407 4705 constitutio
433 4650 477 4701 ne
503 4628 639 4702 inutilis
662 4630 821 4702 dicatur.
849 4626 999 4701 Accedit
1024 4625 1120 4721 quod
1154 4620 1361 4700 constitutio
1397 4625 1593 4698 Alexandri
1627 4622 1738 4703 vtit.
1791 4652 1797 4665 ·

201 4736 239 4808 dt
263 4735 361 4824 aliae,
387 4712 511 4829 quibus
538 4733 690 4833 antiquae
715 4726 898 4806 facultatis
924 4727 1138 4827 perpetuitas
1161 4721 1414 4830 supprimitur,
1438 4743 1584 4828 eatenus
1610 4725 1735 4828 dicun-

239 5072 295 5151 ta)
315 5071 347 5132 c.
367 5073 402 5136 ae
421 5032 514 5153 tego,
535 5076 584 5140 ita
611 5099 634 5134 ι.
654 5076 739 5152 acsi.
762 5079 838 5141 nn.
857 5075 896 5135 n
919 5095 967 5147 ις.
