3864 5686
378 328 501 436 sm!
806 325 1381 411 Oneruarrouss
1496 380 1498 385 .

322 470 487 550 Testatus
510 469 560 546 est
584 468 636 548 D.
663 468 721 547 Fr.
747 465 900 565 Joannes
924 469 968 546 de
993 469 1136 549 Toledo
1160 468 1364 547 Cardinalis
1387 464 1600 569 burgensis.
1619 468 1666 547 Et
1676 469 1731 546 Fr.
1743 466 1855 569 Joan·

320 597 384 651 nes
408 572 563 672 Baptista
591 576 664 671 ait,
688 567 824 648 Mexici
851 571 1010 652 asservari
1036 572 1392 675 (Cardinalisutique
1414 571 1681 665 testimonium)
1707 574 1857 657 inCoo·

321 694 429 755 ventu
453 673 599 756 Ordinis
624 672 928 762 Praedicatotum.

747 821 1426 963 nouorarrouae

375 1092 391 1178 <
404 1092 444 1178 1)
470 1087 566 1162 Viva
592 1087 684 1163 vocis
709 1090 856 1167 oraculo.
884 1087 954 1164 Sed
979 1106 1163 1165 ouant-ne
1197 1088 1378 1188 privilegia
1416 1087 1495 1161 viva
1531 1109 1618 1162 voce
1654 1082 1814 1161 concessa
1842 1139 1855 1179 ,

322 1188 449 1265 saltem
475 1213 540 1285 pro
566 1188 703 1268 Indiis?
730 1189 820 1266 Sunt
846 1192 905 1288 qui
932 1189 1128 1266 affirment.
1159 1212 1190 1262 1.
1216 1186 1312 1287 Qria
1337 1185 1526 1280 Pontifex,
1551 1188 1610 1286 qui
1636 1211 1678 1262 ea
1705 1211 1854 1263 revoca·

322 1291 394 1382 uit,
421 1291 572 1370 mandat
597 1291 832 1368 Generalibus
856 1291 1036 1367 Ordinum
1060 1312 1102 1368 ut
1127 1316 1187 1387 pet
1213 1289 1430 1389 provincias,
1456 1288 1733 1366 Provincialibus
1744 1310 1784 1365 ur
1794 1312 1858 1388 per

322 1412 514 1468 conventus
541 1392 710 1489 publicari
735 1390 893 1485 faciant,
920 1395 1206 1469 revocationem.
1233 1391 1332 1490 Ergo
1366 1389 1491 1468 saltem
1532 1389 1637 1466 ficubi
1674 1392 1857 1490 publicata

320 1518 399 1568 non
424 1492 489 1586 su,
514 1492 636 1570 effectu
663 1514 780 1569 caret.
810 1518 844 1569 2.
871 1492 969 1592 Quia
995 1495 1175 1569 revocatio
1201 1517 1275 1570 non
1287 1491 1814 1591 comprehenditCappuccinos
1843 1546 1859 1584 ,

322 1615 363 1670 ut
388 1595 580 1672 declaravit
605 1593 768 1672 Urbanus
793 1594 898 1670 VIII.
925 1598 985 1693 qui
996 1597 1291 1672 revocationemal
1313 1591 1554 1690 praedecessore
1567 1593 1746 1693 Gregorio
1768 1593 1855 1670 XV.

321 1695 456 1773 sadans
481 1694 729 1788 confirmavit,
756 1698 1024 1795 ampliavitque.
1051 1697 1147 1795 Ergo
1173 1721 1238 1770 nec
1265 1698 1353 1772 alios
1379 1694 1646 1794 comprehendit
1655 1696 1857 1794 regulares,

320 1801 442 1897 quibus
468 1797 775 1896 Cappuccinorum
803 1797 983 1897 privilegia
1008 1796 1074 1872 srnt
1101 1799 1326 1875 communia.
1356 1817 1391 1894 3.
1418 1791 1514 1891 Quia
1538 1793 1621 1871 Pius
1647 1796 1691 1871 V.
1727 1799 1857 1873 omnia

321 1897 612 1976 Mendicantium
638 1900 820 1998 privilegia
855 1898 1101 1991 confirmavit,
1127 1902 1178 1975 ita
1204 1920 1245 1975 ut
1281 1896 1415 1998 possent
1450 1899 1643 1974 Generales
1676 1896 1865 1973 Ordinum

321 2026 366 2078 ea
392 2004 429 2076 in
455 2000 640 2101 pristinrun
665 1999 795 2075 statum
821 1999 1000 2076 restituere
1025 1999 1052 2074 ss
1078 2002 1270 2099 aliquando
1297 2019 1566 2087 revocarentur,
1595 2024 1636 2073 ac
1661 1997 1688 2072 st
1714 1998 1864 2073 conces.-

321 2102 362 2180 sa
385 2100 493 2179 essens
520 2102 595 2200 post
620 2103 907 2179 revocationem.
932 2097 1040 2197 Qrod
1068 2103 1162 2176 idem
1187 2099 1352 2178 concessu
1362 2099 1557 2198 Gregorius
1584 2098 1691 2177 XIII.
1718 2097 1861 2178 &Pau-

320 2205 374 2283 lus
401 2204 447 2279 V.
472 2224 510 2299 4.
547 2200 642 2296 Quia
664 2203 859 2302 ,privilegia
894 2201 1183 2278 Mendicantium
1219 2201 1299 2277 sunt
1334 2205 1640 2294 remuneratoria,
1676 2224 1753 2300 quae
1779 2200 1860 2278 sine

175 2335 177 2337 ’
322 2300 613 2402 compensatione
649 2324 711 2380 aut
736 2301 861 2380 saltem
897 2303 1036 2401 speciali
1062 2303 1277 2402 expressione
1310 2328 1385 2378 non
1410 2324 1659 2379 revocantur.
1696 2325 1735 2400 5.
1757 2299 1861 2399 Quia

321 2405 527 2483 Casrnenses
553 2406 721 2481 monachi
750 2430 908 2480 annuum
932 2403 1074 2480 censum
1100 2406 1256 2502 pendunt
1281 2401 1443 2479 Gamerae
1471 2404 1757 2502 Apostolicaepro
1779 2431 1858 2481 ma·

322 2509 535 2584 nutentione
562 2508 848 2607 privilegiorum.
875 2506 971 2603 Ergo
996 2504 1147 2606 respedlu
1182 2509 1326 2581 illorum
1351 2507 1469 2603 vigent
1505 2514 1540 2583 dt
1574 2504 1726 2604 respedin
1761 2530 1860 2584 conr·

321 2610 607 2694 municantirun.
635 2615 670 2686 6.
697 2606 793 2704 Qua
819 2612 933 2706 plures
957 2606 1147 2682 Pontifices
1171 2609 1349 2705 privilegia
1385 2609 1464 2682 viva
1501 2632 1590 2682 voce
1614 2606 1773 2684 concessa
1799 2632 1861 2708 per

322 2712 465 2789 bullam
488 2709 768 2800 confirmarunt,
794 2731 857 2784 aut
881 2708 1149 2783 declaraverunt
1175 2711 1316 2807 perinde
1343 2711 1458 2783 valere
1481 2732 1523 2783 ac
1548 2707 1576 2783 s1
1601 2709 1709 2784 essent
1743 2710 1861 2787 bulla·

323 2832 364 2892 ta
378 2867 400 2884 .,
414 2812 643 2900 Nominatim
667 2810 835 2885 Clemens
860 2807 967 2882 VIII.
991 2807 1113 2886 Const.
1138 2812 1243 2885 Ratio
1267 2808 1469 2896 Palloralr'r.
1500 2812 1582 2887 min
1606 2809 1769 2886 Bullario
1779 2811 1861 2890 Ro·

322 2914 457 2991 desicii.
472 2938 541 3012 pro
564 2910 828 3003 Franciscanis‚
864 2907 1069 3008 quibuscum
1105 2908 1177 2986 sere
1202 2935 1329 2987 omnes
1353 2913 1639 3004 communicant,
1672 2913 1796 2986 Omnia
1823 2918 1865 2991 de

326 3014 466 3113 srngura
501 3013 682 3112 privilegia
708 3018 744 3090 dt
779 3013 909 3108 gratias
935 3013 1045 3088 etiam
1071 3013 1154 3087 vivae
1178 3015 1274 3089 vocis
1298 3014 1446 3089 oraculo
1482 3010 1640 3090 concessa
1666 3066 1678 3103 ,
1712 3014 1767 3086 vel
1793 3009 1861 3091 sub

323 3139 545 3216 quacumque
570 3112 713 3209 sonna,
742 3139 784 3190 ac
809 3111 837 3190 sr
861 3112 904 3190 de
930 3113 1036 3190 verbo
1061 3114 1106 3191 ad
1119 3111 1261 3192 verbum
1286 3112 1502 3210 insererentur
1525 3112 1861 3207 <eutrandum-

325 3240 479 3309 rnavrt..
649 3285 650 3290 ,
724 3280 727 3284 <

339 3375 344 3387 ·
412 3320 497 3413 ,Sed
523 3322 732 3403 constitutio
757 3325 979 3400 revocatorias
1006 3325 1135 3399 clarior
1159 3320 1208 3399 est
1232 3347 1341 3423 quam
1365 3341 1406 3399 ut
1432 3325 1480 3398 iis⁴
1498 3323 1595 3399 eludi
1619 3318 1743 3421 possit.
1770 3320 1856 3396 Om-

322 3424 402 3516 nia,
427 3425 477 3499 ait
497 3420 666 3500 Urbanus
691 3423 798 3498 VIII.
825 3427 862 3498 in
887 3423 1009 3500 Const.
1035 3423 1137 3499 Alide
1156 3423 1292 3520 felicis,
1318 3427 1404 3502 data
1434 3449 1501 3500 10.
1519 3424 1614 3502 Dec.
1657 3430 1790 3520 1631.,
1812 3424 1858 3500 dt

322 3524 460 3621 srngula
485 3524 689 3620 privilegia,
716 3523 927 3618 facultates,
953 3527 1138 3620 licentias,
1166 3533 1202 3604 dt
1236 3531 1367 3626 gratias
1391 3527 1627 3626 quascumque
1662 3550 1724 3624 per
1747 3523 1857 3600 Sum·

322 3648 407 3702 mos
426 3620 618 3699 Pontifices
644 3624 902 3724 predecessores
927 3624 1083 3719 nostros,
1116 3653 1158 3704 ac
1184 3653 1244 3727 per
1269 3654 1334 3704 nos
1361 3631 1448 3705 vivas
1484 3631 1579 3705 vocis
1606 3627 1784 3724 soraculo,
1813 3648 1865 3702 ac

324 3727 363 3804 S.
390 3724 433 3800 E.
460 3724 509 3802 R.
535 3723 782 3803 Cardinalium
806 3753 918 3804 manu
941 3725 1086 3805 firmata
1112 3736 1128 3820 (
1152 3755 1225 3806 non
1251 3728 1392 3807 firmata
1415 3731 1489 3821 jam
1515 3748 1739 3807 revocaverat
1765 3726 1860 3805 Gre-

323 3829 452 3925 gorius.
467 3827 736 3927 praedeceffor).
750 3883 759 3903 .
772 3883 803 3904 ..
829 3827 1101 3929 quibuscunque
1126 3830 1549 3931 personiscujustumque
1571 3830 1740 3922 Ordinis,
1763 3828 1865 3908 Con·

323 3932 563 4030 gregatiouis,
589 3937 626 4010 dt
651 3930 895 4008 Instituti....
923 3933 1137 4031 regularibus
1159 3935 1272 4010 etiam
1299 3935 1345 4011 ad
1370 3933 1577 4010 instantiam
1613 3956 1775 4031 regum,
1795 3929 1862 4011 sen

322 4034 590 4132 quomodolibet
615 4033 777 4110 concessa
790 4089 799 4107 .
814 4088 823 4107 .
838 4088 869 4122 ..
897 4061 1115 4112 revocamur..

426 4130 495 4210 Ubi
520 4155 631 4220 nota,
659 4139 696 4210 in
723 4140 901 4234 exemplar
926 4136 1027 4227 hujus
1053 4138 1178 4232 bullae,
1203 4140 1299 4238 quod
1325 4139 1432 4217 habet
1468 4138 1614 4215 Peirinis
1650 4146 1745 4233 (a),
1771 4139 1862 4218 irre·

149 4249 150 4257 ’
208 4268 226 4298 κ
322 4231 418 4334 psrsse
443 4260 569 4310 vocem
588 4234 823 4329 sacularibus,
860 4236 958 4336 quafi
993 4242 1175 4338 privilegia
1208 4243 1319 4317 etiam
1345 4241 1549 4318 hominibus
1584 4242 1756 4319 saecularis
1786 4239 1859 4320 sta·

322 4335 379 4414 tiis
405 4334 563 4435 concessa
589 4357 859 4413 revocarentur.
887 4338 971 4415 Hoc
998 4339 1195 4417 tamenest
1220 4341 1370 4438 salsum,
1397 4366 1438 4422 ut
1464 4346 1604 4424 notavit
1623 4345 1748 4422 Gobat
1773 4344 1862 4440 (b),

321 4436 475 4514 Lacroix
501 4445 589 4531 (c),
614 4438 744 4537 Sporer
770 4441 872 4531 (d),
900 4445 957 4516 vel
981 4443 1054 4531 ejus
1094 4443 1237 4519 additor
1263 4448 1300 4519 in
1324 4446 1601 4546 Supplemento,
1640 4453 1677 4525 bt
1702 4445 1859 4524 benedi·

320 4543 393 4618 are
417 4539 517 4618 XIV.
544 4546 616 4630 (e)
642 4542 782 4616 dicens:
809 4543 957 4619 Urbanus
982 4542 1137 4622 Odavus
1163 4544 1427 4646 Gregorianam
1451 4548 1741 4626 constitutionem
1779 4553 1862 4624 emss

320 4644 446 4741 plaut
471 4645 675 4721 revocando
700 4645 823 4723 omnia
850 4646 937 4722 vivae
961 4649 1059 4723 vocis
1082 4649 1261 4743 oracula,
1287 4653 1444 4751 exceptis
1463 4677 1546 4752 quae
1578 4651 1860 4752 comprobaren-

1744 4774 1806 4830 iul*

702 4875 1278 4898 ——-—--—--
1569 4876 1864 4901 ---

362 4922 418 4996 (a)
438 4924 546 4983 Per‘rr'rr.
566 4941 631 5000 reru.
653 4945 680 4980 ι.
700 4943 761 4994 rap.
784 4933 810 4982 t.
831 4930 918 4994 const.
942 4929 986 4981 ιδ.
1105 4998 1108 5002 Α
1150 4928 1209 5004 (d)
1229 4932 1305 4997 Sper.
1326 4930 1710 5002 supplem.Theol.Deca1.
1731 4948 1754 4991 r.
1770 4931 1864 5003 1434.

364 4999 416 5070 (b)
438 5003 501 5061 cab.
521 5005 628 5068 Exper.
648 5017 685 5060 rr.
706 5022 734 5069 9.
757 5022 787 5062 n.
810 5015 878 5071 rel.
1082 4948 1094 5078 I

360 5077 418 5146 (c)
439 5083 520 5146 Lacr·
540 5081 591 5139 lib.
615 5100 639 5134 1·
660 5097 689 5137 n·
711 5085 779 5145 851.
1079 5081 1089 5166 Ι
1109 5028 1337 5158 ηκῖῖ)4ἐιῐὲί1ἷζ
1345 5088 1604 5153 &HJ-&Cd-
1618 5103 1678 5157 ²4·
1690 5090 1755 5146 ¹⁰⁸·
1769 5082 1864 5155 αἱ·
