3856 5678
255 331 331 409 234
688 306 1267 385 Ottntttartottss

205 480 243 529 ra
270 478 347 550 qttae
372 451 417 526 ad
443 468 590 524 cantum
617 448 790 547 spellam,
813 450 1003 542 ordinare,
1028 450 1203 545 corrigere
1228 453 1265 525 bt
1291 450 1486 527 ,emendare
1519 452 1555 521 itt
1594 448 1735 543 choro,

205 563 240 632 dt
266 555 498 651 ubicumque,
525 577 586 649 per
611 554 645 625 le
670 558 805 628 dt'non
828 578 890 649 per
914 555 1048 643 alium,
1071 553 1234 627 oshcium
1258 553 1349 624 erit.
1378 576 1414 621 τε
1448 548 1742 647 Scholaslriam,

206 659 383 753 adquam
411 657 527 728 nullus
552 653 618 727 nist
645 658 680 728 itt
707 657 820 728 altero
842 655 1004 751 luritun,
1032 677 1092 729 aut
1121 657 1158 729 in
1185 651 1462 727 Artibuslaltem
1487 655 1742 741 baccalaureus

206 760 245 832 in
272 759 388 853 aliqua
414 755 593 852 Hispaniae
618 755 843 831 universitate
868 761 1061 854 graduatus
1085 754 1231 846 existat,
1258 755 1500 852 praesentetur:
1526 755 1583 827 cui
1619 778 1743 849 gram·

204 861 379 932 maricam
406 859 550 931 clericos
575 864 611 934 dt
635 857 787 931 ecclestae
812 860 1015 950 servitores,
1043 882 1085 933 ac
1110 882 1233 934 omnes
1269 853 1483 931 diocesanos
1518 857 1640 929 audire
1676 880 1742 930 vo-

205 964 316 1034 lentes
342 957 481 1056 perse,
507 966 542 1036 ἃ
568 986 641 1035 non
667 986 728 1057 per
752 964 864 1038 alium
887 965 1017 1037 docere
1053 958 1257 1047 incumbat.
1283 974 1322 1021 ’ἒ-
1358 958 1633 1033 Tltelaurariam
1670 981 1744 1055 pro

203 1087 279 1134 nno
306 1061 526 1136 thesaurario
552 1065 597 1135 ad
624 1088 730 1159 quem
754 1061 940 1139 ecclestam
965 1067 1129 1138 claudere
1165 1070 1202 1138 bt
1227 1053 1399 1158 aperire,
1435 1084 1628 1156 campanas
1665 1060 1745 1158 pul-

204 1164 279 1237 sare
306 1161 444 1254 facere,
469 1166 592 1239 omnia
620 1163 781 1247 uienstlia
806 1170 959 1240 ecclehae
983 1164 1178 1255 custodire,
1204 1168 1386 1259 lampades
1408 1166 1445 1236 bt
1469 1160 1746 1235 luminariam.

203 1289 304 1353 rate,
329 1266 541 1356 luminibus,
566 1292 679 1364 pane,
706 1274 740 1342 dt
765 1269 873 1359 vino,
899 1292 942 1340 ac
969 1269 1115 1364 reliquis·
1133 1268 1177 1339 ad
1203 1266 1452 1339 celebrandum
1477 1260 1676 1337 necessariis
1695 1264 1747 1339 de.

201 1366 394 1441 redditibus
418 1363 558 1439 fabricae
595 1366 747 1441 ecclestae
786 1371 1000 1466 exponendis
1025 1372 1068 1442 ad
1094 1391 1218 1442 votum
1242 1367 1388 1463 capituli
1415 1367 1595 1463 providere
1631 1362 1744 1463 perti·

200 1468 297 1540 nebit
311 1520 319 1538 .
334 1489 369 1537 =
393 1468 619 1564 Dignitatem
628 1472 737 1543 etiam
763 1471 822 1544 seu
831 1470 988 1545 officium
1014 1470 1365 1565 archipresbyteratus
1390 1467 1448 1540 seu
1472 1467 1651 1555 rebtoriae,
1664 1488 1744 1565 pro

201 1593 275 1642 uno
289 1567 651 1663 archipresbyteroseu
663 1573 818 1662 rectore,
838 1575 895 1671 qui
908 1597 1028 1645 euram
1046 1592 1206 1645 exerceat
1218 1566 1596 1644 animaruminnollra
1607 1568 1732 1643 cathe-

199 1669 290 1741 drali
316 1666 482 1759 ecclesta,
496 1672 637 1770 aliisque
648 1674 834 1746 resloribus
844 1675 996 1747 civitatis
1022 1668 1341 1769 &diocefispraesn
1356 1690 1416 1741 .=
1437 1669 1588 1745 Necnon
1600 1669 1736 1745 decem

198 1771 430 1845 canonicatus
455 1778 491 1849 br
503 1774 732 1867 praebendasa't
748 1777 846 1849 dillis
870 1775 1099 1872 dignitatibus
1118 1776 1268 1849 omnino
1288 1773 1466 1870 separatas
1480 1768 1550 1845 esse
1570 1768 1744 1845 decerni.

199 1896 376 1963 mus,nec
386 1873 577 1970 aliquando
587 1900 750 1949 unacum
761 1877 934 1973 dignitate
960 1879 1080 1973 aliqua
1091 1878 1364 1965 canonicatum,
1387 1872 1738 1974 &praebendamhu-

198 1974 348 2059 jusmodi
360 1975 511 2047 obtineri
524 1975 617 2072 posse
639 1980 866 2053 ordinamus.
896 1981 950 2053 Ad
975 1980 1213 2075 quosquidem
1238 1977 1431 2051 canonicos
1450 1975 1739 2075 quotidie(ptae·

200 2094 359 2169 terquatn
374 2075 408 2147 in
422 2077 541 2171 primae
554 2084 588 2152 dt
611 2076 961 2176 secundtedignitatis
981 2077 1246 2168 festivitatibus,
1267 2080 1433 2176 inquibus
1445 2076 1741 2174 praelatusveleo

200 2175 371 2271 impedito
384 2179 517 2273 aliquis
531 2178 1375 2276 dedignitatibuscelebrabit>mislatncelebrare
1399 2179 1582 2277 speslabit.
1599 2199 1637 2248 :a
1661 2176 1740 2251 Sex

198 2279 335 2367 etiam,
361 2278 513 2374 integras
533 2304 615 2354 cutn
641 2281 699 2356 serr
725 2285 802 2356 aliis
826 2284 982 2356 dimidiis
1009 2284 1227 2378 portionibus
1247 2307 1311 2380 pro
1333 2279 1392 2355 sex
1428 2282 1637 2379 integris&
1667 2276 1731 2353 sex

198 2378 353 2452 dimidiis
376 2379 558 2476 respeelive
593 2385 803 2480 nuncupatis
838 2387 1069 2482 portionariis
1095 2409 1159 2480 pro
1193 2385 1328 2473 majore
1362 2404 1461 2481 parte
1493 2379 1739 2479 presbyteris,

201 2481 333 2553 caeteris
360 2480 444 2551 verb
469 2483 504 2553 in
527 2485 739 2558 diaconatus
762 2484 889 2561 saltem
914 2488 1039 2558 ordine
1051 2484 1270 2560 constitutis.
1296 2509 1335 2559 ’.ι
1372 2482 1544 2560 Praeterea
1571 2483 1656 2585 odo
1677 2506 1739 2557 ca·

201 2584 371 2677 pellanias
398 2608 462 2678 pto
486 2586 567 2658 oslo
605 2589 796 2679 capellanis
831 2589 1060 2684 presbyteris,
1085 2590 1142 2685 qui
1182 2611 1256 2663 tam
1285 2589 1321 2660 in
1344 2587 1523 2661 nodlurnis
1558 2608 1674 2683 quam
1700 2584 1739 2659 itt

202 2684 362 2773 diurnis,
388 2690 424 2759 bt
448 2688 560 2761 etiam
587 2686 768 2760 miliarum
796 2688 1078 2764 solemnitatibus
1101 2691 1148 2762 ad
1171 2687 1389 2763 facistorium
1417 2692 1453 2761 itt
1478 2687 1591 2761 choro
1617 2682 1738 2783 perso·

203 2785 334 2856 naliter
360 2784 541 2878 interesse,
567 2794 601 2864 bt
630 2792 666 2862 itt
693 2783 903 2888 unoquoque
926 2798 1045 2865 mense
1070 2788 1187 2864 missas
1214 2791 1361 2888 viginti,
1387 2788 1452 2863 nist
1477 2786 1566 2880 justa
1582 2782 1733 2861 infirmi·

109 2958 113 2965 ,
204 2905 278 2957 tate
303 2886 357 2958 vel
385 2889 641 2984 impedimento
666 2888 797 2965 suerint
824 2894 1005 2990 impediti,
1030 2892 1204 2967 celebrare
1231 2914 1439 2966 teneantur.
1465 2911 1522 2959 ·.·.·.
1539 2888 1748 2964 {tentacu-

200 2985 357 3079 lythatus
380 2987 438 3060 sex
464 3016 528 3084 pro
552 2989 609 3063 setr
635 2993 838 3086 acolythis,
862 2996 921 3092 qui
948 2993 1351 3091 prominilletioaltaris
1376 2999 1411 3071 u
1435 2989 1562 3081 chori,
1586 3011 1735 3067 cetero-

199 3112 348 3185 rumque
372 3089 574 3167 officiorum
599 3092 734 3189 semper
760 3093 937 3171 insistent.
964 3117 1002 3166 :t
1036 3092 1211 3171 Officium
1250 3095 1334 3169 vero
1368 3092 1529 3169 sacristiae
1565 3116 1634 3191 pro
1659 3114 1735 3169 tutu

200 3185 360 3279 lacrissa,
387 3194 442 3265 cui
479 3218 521 3267 ea
547 3220 624 3293 quae
650 3199 695 3268 ad
730 3195 888 3271 officinm
915 3195 1119 3272 thesaurarii
1153 3199 1329 3293 spectant,
1355 3212 1401 3270 ad
1426 3217 1549 3270 votnm
1584 3194 1733 3291 capituli

199 3313 358 3364 exercere
395 3294 593 3371 incumbat.
623 3321 659 3367 =
696 3298 866 3373 orricium
902 3302 1014 3373 etiam
1048 3300 1234 3396 organillae
1268 3300 1327 3397 qui
1366 3322 1500 3393 organa
1528 3299 1564 3370 in
1601 3294 1733 3371 fellitis

197 3391 320 3464 diebus
346 3392 513 3489 pulsabit.
543 3420 580 3465 =
617 3399 693 3471 Nec
732 3425 806 3472 nort
841 3399 1001 3475 officium
1038 3403 1237 3497 perticarii,
1263 3403 1362 3490 cujus
1389 3401 1425 3472 in
1462 3396 1734 3494 processtonibus

198 3495 365 3565 ordinare
391 3548 402 3581 ,
431 3499 600 3588 praelaw,
636 3501 857 3595 presbytero,
892 3504 1070 3592 diacon0,
1097 3509 1132 3578 dt
1157 3503 1288 3575 caeteris
1326 3503 1427 3574 altari
1455 3497 1732 3574 ministrantibus

199 3594 244 3665 de
255 3592 366 3665 choro
393 3597 438 3666 ad
463 3595 676 3689 sacristiam,
703 3605 758 3674 vel
785 3605 984 3695 altare‚vel
1009 3605 1054 3675 de
1067 3605 1170 3677 altari
1199 3608 1244 3677 ad
1270 3602 1488 3692 sactilliam,
1515 3604 1568 3675 vel
1597 3602 1634 3675 in
1645 3600 1729 3679 cho·

145 3750 150 3757 .
202 3718 281 3765 tum
306 3695 467 3770 euntibus
502 3703 555 3772 vel
591 3705 813 3778 redeuntibus
859 3707 992 3779 anteire
1036 3703 1194 3780 officium
1231 3707 1327 3779 erit.
1364 3729 1400 3779 :a
1438 3702 1646 3777 Oeconomi
1673 3702 1729 3777 tel

200 3800 440 3889 procuratoris
464 3796 629 3894 sabricte,
658 3810 693 3880 dt
719 3805 920 3902 hospitalis,
945 3807 1004 3903 qui
1032 3807 1253 3899 architectis,
1278 3804 1554 3895 mercatoribus,
1580 3826 1733 3879 necnon

199 3900 486 4011 carpentariis&
512 3905 591 3976 aliis
614 3904 822 3981 officialibus
845 3906 1247 3984 aedificiisecclcstallicis
1270 3933 1416 4007 operam
1444 3907 1610 3981 dantibus
1627 3928 1730 4005 prae·

200 4017 270 4087 rtt,
295 4002 423 4096 quique
449 4028 509 4099 per
535 4003 568 4077 se
595 4012 649 4081 vel
676 4032 736 4104 per
761 4011 851 4082 alios
877 4012 1031 4085 redditus
1057 4017 1093 4087 dt
1118 4032 1306 4108 proventus
1329 4016 1376 4085 ad
1400 4011 1529 4085 didam
1555 4006 1729 4083 fabricant

197 4103 453 4194 quoquomodo
478 4109 690 4201 pertinentes
715 4112 877 4208 colligere
903 4118 939 4188 bt
963 4114 1156 4209 expendere
1181 4112 1347 4201 habebit,
1374 4113 1573 4185 redditurus
1596 4135 1729 4185 annua·

201 4199 268 4313 tim
296 4205 470 4313 rationem
496 4209 539 4280 de
566 4212 710 4303 receptis
735 4217 770 4286 dt
795 4210 1009 4310 consumptis
1034 4213 1209 4312 Episcopo
1234 4222 1270 4290 bt
1295 4214 1487 4312 Capitul0,
1515 4215 1572 4286 vel
1597 4210 1731 4287 officia·

199 4300 289 4416 ltbtts
315 4304 359 4375 ab
384 4306 515 4379 eisdem
542 4309 682 4384 adhoc
720 4311 914 4408 specialiter
949 4318 1150 4411 deputatis,
1177 4341 1343 4391 necnon
1370 4318 1569 4390 adeorunt
1601 4335 1733 4389 nutum

157 4448 163 4459 ·
200 4404 379 4496 eltgendus
403 4408 459 4481 vel
485 4412 736 4484 removendus.
764 4434 801 4485 Ξ
838 4412 1010 4492 Officium
1044 4420 1248 4492 cancellarii
1274 4415 1334 4491 seu
1358 4419 1491 4491 notarii
1516 4412 1670 4491 ecclestae
1694 4420 1734 4493 st

199 4506 366 4623 capituli,
394 4510 453 4604 qui
478 4509 713 4609 quoscumque
740 4519 940 4593 contradus
962 4519 1114 4595 ecclestae
1142 4522 1232 4593 inter
1254 4517 1464 4612 ecclestam,
1490 4516 1694 4616 episcopum
1714 4571 1737 4609 ,

196 4608 233 4679 dt
257 4608 475 4701 capttulum,
501 4616 537 4685 bt
561 4613 796 4713 quoscumque
823 4621 911 4693 alios
946 4622 982 4695 in
1018 4623 1240 4720 protocollo,
1276 4627 1314 4698 dt
1337 4624 1432 4696 notis
1468 4618 1537 4695 suis
1574 4624 1736 4717 recipere

193 4708 342 4797 debeat,
368 4714 403 4783 bt
428 4713 521 4785 attus
557 4718 767 4813 capitulares
812 4717 992 4814 scribere,
1030 4724 1268 4815 donationes,
1306 4722 1546 4821 possessiones,
1583 4720 1734 4811 certitu,

197 4804 302 4880 feuda
329 4812 527 4905 pecuniaria
554 4842 616 4912 pet
641 4817 780 4893 eosdem
806 4821 1031 4921 episcopum,
1058 4826 1251 4923 capitulum
1280 4825 1533 4919 ,ecclestatn,
1570 4826 1627 4898 vel
1662 4818 1725 4899 eis·

68 5016 72 5021 .
192 4907 277 4981 dem
301 4904 392 4985 fasta
418 4916 471 4985 vel
510 4916 747 5014 inposterum
783 4917 945 4999 facienda
983 4928 1130 5001 adnotet
1166 4932 1203 5003 dt
1238 4926 1384 5020 scribat,
1422 4934 1457 5005 bt
1495 4926 1724 5002 instrumenta

193 5008 393 5105 custodiat,
419 5037 533 5113 partes
558 5021 757 5096 reddituum
781 5019 956 5103 beneficiis
988 5027 1195 5120 distribuat,
1230 5054 1372 5106 necnon
1406 5031 1564 5109 rationes
1600 5029 1721 5105 reddat

1555 5138 1593 5210 dr
1620 5156 1674 5207 ac·
