3864 5686
250 300 327 426 4&
525 302 527 306 '
684 280 1265 397 Onnrvnrrouns

200 466 290 545 locis
315 458 374 539 ubi
398 455 606 537 miffionatii
631 456 775 537 alterius
800 457 969 554 Ordinis,
995 459 1052 536 vel
1077 457 1257 537 saculares
1281 451 1445 535 ecclefias
1466 453 1632 534 habent.
1658 450 1734 542 Ubi

202 569 289 646 verb
313 581 442 663 apertae
465 585 541 641 non
565 560 677 647 sunt.
714 559 844 662 poffint
874 564 974 654 juxta
1000 558 1063 636 fibi
1090 559 1270 641 concessa.
1307 559 1402 638 Cum
1427 583 1517 637 unus
1545 579 1608 638 aut
1640 563 1734 640 alter

202 666 379 769 parochiae
403 690 478 742 nen
503 660 630 743 sufficit
655 665 853 767 parochus,
880 685 943 742 aut
969 664 1226 758 tniffionarius,
1254 664 1382 764 aliique
1406 661 1618 762 suppetunt,
1641 691 1733 765 quot

200 795 283 848 rum
309 768 480 845 auxilium
504 793 570 844 nec
596 788 741 870 petunt,
767 791 834 843 nec
859 767 1052 868 recipiunt,
1079 767 1354 866 poffmtVicarii
1379 767 1566 865 parochias
1592 767 1732 846 divide-

200 894 261 948 re.
286 868 422 947 Possrnt
447 871 559 947 etiam
584 871 723 971 exigere
748 871 769 945 al
803 870 1017 968 regularibus
1041 873 1221 948 rationem
1246 870 1462 946 executionis
1497 871 1639 966 piarum
1667 872 1739 949 vo'-.

200 976 405 1051 luctatum.
431 970 537 1069 Juxta
562 972 717 1050 Constit.
744 975 802 1046 Ex
826 971 930 1047 deliro
954 969 1091 1052 Urbani
1116 973 1223 1049 VIII.
1250 969 1505 1048 controversras
1530 974 1627 1049 inter
1651 972 1730 1050 reli-

163 1086 171 1104 ‘
199 1073 317 1174 giosos
343 1077 532 1152 terminare
557 1073 686 1176 poffint
713 1099 756 1149 ac
780 1073 953 1169 debeant,
978 1075 1142 1175 graviora
1168 1077 1312 1174 negotia
1339 1073 1537 1150 adsedem
1574 1072 1727 1173 Apollo

196 1179 308 1254 licam
332 1173 541 1253 referentes.
568 1174 619 1256 Ut
644 1195 769 1253 votum
793 1175 1020 1272 obedientiae,
1049 1173 1076 1251 st
1100 1180 1195 1278 quod
1206 1175 1386 1254 emiserint
1405 1173 1632 1270 catechistae,
1653 1203 1726 1255 non

197 1278 335 1372 obliet,
361 1280 550 1379 quominus
574 1280 644 1356 hoc
682 1304 810 1356 munus
834 1279 967 1379 obeant
1003 1279 1243 1378 dependenter
1280 1279 1510 1354 aVicariis.
1548 1277 1604 1358 Ut
1630 1278 1725 1359 iuria

196 1378 447 1464 vicariatum
471 1380 558 1458 lines
584 1382 629 1458 ad
654 1380 817 1459 Vicarios
846 1382 1004 1478 spedet,
1038 1381 1199 1459 maxime
1235 1378 1400 1458 incursu
1431 1378 1646 1456 visitationis
1679 1406 1724 1460 ea

197 1482 389 1583 inspicere,
414 1510 491 1583 quae
512 1485 558 1560 ad
582 1482 714 1574 fidem,
737 1483 848 1561 bonos
872 1507 1011 1576 mores,
1037 1481 1717 1582 sacramentorumadministrationem,

196 1590 233 1664 δι
257 1582 431 1686 processus
455 1587 500 1661 de
525 1589 624 1662 novis
658 1587 839 1664 miraculis
864 1591 899 1664 ὅ(
935 1587 1168 1680 martyribus,
1196 1587 1241 1662 ad
1266 1587 1377 1678 ritus,
1403 1588 1440 1662 dt
1465 1582 1639 1663 festorum
1664 1584 1723 1664 ob·

184 1688 433 1781 ,servationem
470 1691 680 1787 pertinent.
716 1687 766 1764 Et
800 1685 1015 1780 verificare,
1049 1689 1287 1788 &publicare
1316 1683 1560 1787 vquascumque
1588 1689 1725 1767 litteras

195 1787 438 1888 apostolicas,
473 1789 589 1867 Sacrae
625 1789 923 1892 Congregationis
946 1790 1224 1883 ordinationes,
1250 1786 1575 1888 indulgentiasque.
1616 1791 1725 1873 Extat

195 1892 232 1967 in
256 1888 302 1970 C.
326 1896 430 1968 Decet
454 1891 572 1974 Clem.
598 1893 643 1973 X.
672 1912 761 1970 torn.
788 1890 873 1968 VII.
899 1888 1048 1969 Bullarii
1072 1892 1255 1970 Rotnani.
1283 1891 1414 1991 Incipit
1440 1896 1688 1992 Speculatores.

537 2093 1039 2176 ORDINATIO
1140 2092 1378 2175 COGXLVI.

701 2197 813 2275 Anno
840 2205 952 2294 1669.
983 2216 1042 2296 13.
1069 2196 1213 2276 ouobr.

188 2400 447 2577 FAcultates
472 2399 623 2478 Vicariis
648 2400 862 2500 Apostolicis
879 2401 1056 2478 concessas
1082 2405 1121 2479 in
1146 2401 1301 2504 partibus
1321 2401 1493 2482 Sinarum
1516 2404 1565 2482 ad
1588 2402 1717 2506 septen

285 2507 387 2580 nium
413 2501 457 2578 ab
482 2502 687 2578 Alexandro
713 2503 799 2580 VII.
825 2505 1016 2584 ordinandi
1042 2505 1224 2605 indigenas
1249 2505 1361 2582 latine
1382 2511 1589 2607 ignorantes
1607 2510 1713 2585 etiam

187 2601 262 2681 stne
295 2607 437 2695 titulo,
474 2606 520 2679 ad
556 2606 777 2703 septennium
810 2608 956 2682 ulterius
1015 2611 1204 2706 rorogavit
1239 2607 1407 2685 Clemens
1433 2610 1497 2691 IX.
1532 2611 1648 2692 Extat
1679 2612 1715 2688 iu

156 2702 311 2783 .Const.
336 2704 439 2782 Alias
463 2703 660 2781 Clementis
685 2706 729 2783 X.
759 2725 846 2783 tom.
874 2707 959 2783 VII.
985 2634 1120 2784 bura.
1149 2710 1260 2790 Rom.
1287 2736 1367 2813 pag.
1398 2736 1481 2815 ²5²·

539 2906 1045 2989 ORDINATIO
1104 2912 1361 2996 cochvH.

720 3009 838 3088 Anno·
858 3013 970 3112 1669.
1004 3040 1063 3092 20.
1088 3017 1186 3099 Nov.
1288 3115 1291 3120 y
1360 3032 1361 3037 ‘

267 3180 420 3293 [emens
446 3215 510 3294 IX.
536 3215 752 3315 declaravit,
787 3222 930 3300 decreta
967 3227 1128 3323 quedam
1154 3229 1248 3308 circa
1275 3227 1427 3306 srnenses
1451 3230 1540 3306 ritus
1574 3227 1621 3303 ad
1645 3222 1716 3327 spe·

292 3319 384 3393 cient
411 3317 572 3416 oppofita
601 3323 674 3396 vim
700 3342 850 3424 utraque
875 3325 1002 3402 habere
1028 3357 1093 3426 pro
1125 3332 1326 3411 diversrtate
1359 3329 1716 3409 circunstantIamm.

181 3417 325 3498 Mentlo
351 3419 393 3497 fit
417 3421 455 3496 in
480 3420 605 3500 Const.
632 3428 690 3498 Ex
715 3452 774 3522 quo
801 3427 978 3506 Benedidii
1004 3432 1106 3508 XIV.
1139 3457 1198 3509 11.
1224 3434 1293 3535 Jul.
1326 3457 1434 3536 1742.

528 3624 1030 3709 ORDINATIO
1092 3634 1369 3720 CCCXLVIII.

718 3728 829 3808 Anno
857 3741 969 3832 1670.
997 3759 1058 3814 11.
1081 3737 1178 3842 Aug.

263 3928 416 4010 [emens
439 3931 486 4011 X.
511 3929 553 4011 B.
579 3933 719 4016 Rosam
757 3935 952 4020 Limanam
976 3944 1014 4020 in
1039 3946 1240 4024 universam
1272 3947 1621 4048 &principaliorem
1652 3918 1716 4045 prs

292 4055 436 4154 rotonam
461 4039 625 4113 omniurn
651 4044 687 4119 dt
710 4039 927 4141 fingularum
951 4049 1238 4146 provinciarum,
1260 4076 1474 4150 regnorum,
1500 4034 1712 4144 insulam

178 4136 424 4248 duregronum
450 4137 661 4216 terraefirmae
686 4146 795 4221 totius
820 4147 1017 4243 Americae,
1042 4149 1348 4252 Philippinarum,
1372 4160 1408 4232 dt
1426 4151 1697 4228 indiarumcutn

177 4231 309 4351 eisdem
334 4241 594 4353 prerogativis,
621 4243 742 4342 quibus
767 4272 832 4348 pro
858 4247 1011 4327 Peruvio
1037 4254 1229 4334 constituta
1255 4281 1275 4332 e
1319 4277 1334 4333 t
1358 4256 1379 4332 d
1403 4252 1595 4331 Clemente
1616 4251 1692 4345 IX,

178 4333 362 4454 conllrturt
390 4362 431 4413 ac
457 4338 670 4422 declaravit.
695 4347 873 4468 Ipsrusque
898 4350 1025 4430 sellum
1050 4356 1180 4433 ibidem
1207 4358 1300 4434 abo
1367 4357 1439 4434 ’bus
1476 4361 1547 4449 (1)
1575 4352 1692 4468 ibide·

174 4438 606 4643 dillinlssrcll,
628 4445 1690 4652 filslllllsslll..llin'llllflllillll

175 4650 263 4719 tom.
294 4641 378 4722 v11.
403 4671 484 4744 pag.
510 4671 573 4746 42.
598 4650 643 4728 C.
673 4679 733 4735 20.
759 4654 877 4737 Clem.
902 4658 948 4739 X.
976 4659 1110 4764 Inprit
1133 4664 1364 4762 sacrosantis.
