3856 5678
487 310 1037 404 *Atosroli'erai
1089 320 1200 426 '1564
1255 326 1368 407 1600:
1593 340 1670 440 305·

170 471 239 566 lae
278 488 363 544 coni
387 456 620 559 tovincialis‚
659 468 746 545 dum
789 465 928 544 scribit:
966 468 1191 561 Adviertase,
1229 493 1297 568 que
1322 467 1501 557 estosffdos
1532 471 1719 556 Concilios

176 488 442 661 ProvinciaIe's,
468 569 503 644 el
528 566 693 644 Limense
718 573 828 658 (anni
857 569 995 666 1583.)
1046 599 1069 666 y
1095 575 1127 645 el
1153 564 1349 649 Mexicano
1374 573 1517 673 obligari
1542 600 1587 652 en
1613 584 1718 658 todas
1751 567 1760 575 ³

175 677 229 754 las
258 674 457 774 provincias
483 671 527 743 dc
554 669 696 763 Indias,
715 680 854 770 'porque
879 673 912 745 el
938 670 1104 748 Limense
1131 676 1343 771 comprende
1369 675 1433 751 dos
1460 678 1718 780 Arzobispados

175 792 196 875 y
222 776 320 855 'treze
346 767 564 872 Obispados.
592 800 614 869 y
639 794 704 873 pot
729 773 819 848 estat
843 774 1033 850 mandado
1050 776 1202 873 guardat
1226 802 1273 851 en
1307 779 1341 850 el
1366 777 1504 859 Nue'vor
1526 780 1646 858 Reit'io
1671 786 1717 863 de
1823 859 1838 869 ,

175 879 350 959 Granada
387 874 554 973 hastaque
589 896 636 951 en
660 877 693 950 el
729 873 765 950 se
791 876 959 952 confirme
983 881 1017 950 el
1055 879 1267 976 particular,
1307 903 1373 976 quc
1399 904 1443 953 en
1467 880 1579 961 santa
1610 883 1746 968 ιι111111,

171 978 322 1081 Rogots
348 977 387 1053 su
424 977 621 1076 Metropoli
659 974 798 1054 celebrd
836 980 869 1054 el
906 979 1110 1055 Seruum
1145 979 1334 1055 Fernando
1370 980 1475 1055 Arias
1510 983 1648 1081 Ugarte
1675 989 1714 1063 su

170 1081 393 1176 Ar'zobispo,
419 1079 453 1155 se
478 1081 613 1178 guarda
650 1081 807 1157 tambien
844 1104 890 1154 en
914 1080 953 1154 su
979 1083 1238 1180 Aruobispado,
1275 1106 1367 1178 yen
1393 1081 1448 1157 sus
1476 1104 1543 1161 tres
1567 1087 1716 1189 Obispa·

170 1189 237 1267 dos
262 1183 523 1282 suffraganeos.
551 1184 595 1259 EI
620 1182 791 1259 Concilio
810 1183 1009 1259 -Mexicano
1033 1184 1069 1258 se
1096 1187 1228 1282 guarda
1254 1209 1300 1259 en
1325 1206 1423 1260 otios
1449 1186 1527 1261 diez
1565 1188 1713 1293 Obispa·

170 1292 239 1368 dos
266 1285 528 1384 suffraganeos,
555 1313 578 1382 y
603 1311 649 1361 en
674 1289 709 1360 Ia
737 1284 934 1382 Metropoli
959 1287 1003 1360 de
1026 1284 1195 1378 Manila‚
1220 1312 1244 1382 y
1269 1286 1324 1362 sus
1352 1308 1419 1361 tres
1457 1286 1654 1387 Obispados
1677 1295 1713 1374 se

170 1393 313 1495 guarda
339 1414 403 1487 por
427 1387 537 1463 Breve
564 1388 826 1486 particularde
860 1385 1010 1465 Urbano
1041 1387 1143 1462 VIII.
1171 1389 1263 1462 dado
1301 1413 1346 1462 eii
1372 1389 1493 1467 Roma
1520 1393 1541 1466 a
1570 1418 1629 1468 11.
1666 1399 1714 1473 de

170 1494 307 1574 Marzo
331 1493 375 1568 de
392 1498 524 1584 1626,
551 1512 618 1591 que
644 1489 705 1567 alsi
731 1493 768 1567 lo
778 1488 922 1587 dispone
948 1516 970 1586 y
996 1491 1138 1564 manda.
1165 1487 1273 1586 Quod
1298 1488 1443 1566 scribere
1467 1498 1583 1592 pergit
1604 1497 1713 1574 Mon·

170 1609 324 1695 tenegro
348 1595 393 1668 de
418 1592 735 1692 Archiepiscopatu
760 1592 797 1667 S.
822 1593 1035 1684 Dominio,
1063 1595 1235 1667 incertum
1257 1592 1346 1666 mihi
1372 1592 1421 1668 est
1447 1620 1493 1668 an
1519 1597 1712 1695 significet,

189 1700 333 1777 rediet
360 1689 548 1786 Concilia,
574 1698 627 1772 vel
654 1720 778 1770 eorum
803 1697 946 1792 aliquod
973 1699 1082 1768 etiam
1110 1696 1155 1770 ibi
1183 1696 1363 1786 obtinerc;
1391 1721 1437 1770 an
1456 1693 1635 1797 significet
1655 1702 1712 1777 so-

182 1824 283 1892 um,
319 1799 366 1875 ibi
401 1797 561 1873 obtinere
598 1818 812 1898 pracceptum
837 1799 1079 1894 particulare,
1113 1799 1209 1898 quod
1235 1797 1282 1872 ibi
1310 1799 1433 1874 tractet
1459 1799 1511 1874 dc
1538 1803 1712 1882 tabaccho

170 1925 260 1983 ante
286 1905 599 1999 communionem.

280 2006 368 2082 Dixi
397 2008 434 2079 iii
459 2004 675 2084 resolutione
710 2005 915 2085 Concilium
950 2007 1146 2084 Liuianum
1179 2008 1336 2108 obIIgate
1363 2002 1512 2085 indocis
1549 2007 1712 2092 dismem-

170 2110 287 2189 bratis
308 2137 342 2183 ec
361 2107 486 2203 saltem
519 2112 610 2186 modo
635 2135 706 2209 quo
744 2108 888 2187 Limam
915 2112 1072 2211 obligat,
1101 2137 1187 2187 nam
1221 2117 1321 2211 plura
1347 2111 1480 2188 statuta
1515 2115 1628 2190 etiam
1664 2117 1711 2191 ibi

170 2215 228 2290 vel
254 2211 480 2289 desuetudine
506 2216 559 2287 vel
584 2213 812 2289 revocatione
847 2215 1006 2310 obligare
1030 2216 1211 2305 cessarant.
1250 2216 1386 2290 Saltem
1422 2220 1713 2293 excommunica-

170 2317 226 2392 tio
251 2317 327 2391 lata
356 2333 481 2388 contra
517 2314 692 2409 parochos
728 2317 953 2409 negotiantes
977 2316 1135 2413 obligare
1171 2314 1273 2391 desiit
1312 2341 1372 2414 per
1398 2312 1533 2410 Breve,
1571 2320 1713 2420 dequo

170 2405 269 2492 infrai
296 2417 387 2491 Ord.
416 2435 502 2510 213.
530 2414 591 2490 De
628 2415 726 2511 gravi
753 2416 989 2511 prohibitione
1025 2416 1184 2490 sumendi
1212 2418 1424 2508 tabaoehum
1461 2441 1546 2494 ante
1571 2421 1713 2499 millam
1799 2468 1802 2474 »

170 2520 350 2593 incertum
385 2515 473 2588 milii
493 2515 560 2588 *est
597 2541 643 2589 an
679 2512 722 2589 sit
761 2519 939 2591 contraria
975 2517 1192 2591 consuetudo
1219 2520 1265 2592 ad
1299 2520 1584 2616 proscribendum
1618 2522 1712 2600 suni-

170 2621 294 2694 cleris.
323 2619 418 2692 Illud
445 2618 581 2691 videtur
606 2637 742 2691 certum
769 2639 894 2692 contra
921 2618 1136 2693 sententiam
1158 2618 1214 2693 III.
1238 2618 1480 2720 Montenegro
1507 2623 1565 2698 ubi
1586 2621 1712 2724 supra,

170 2739 245 2798 iton
273 2721 430 2818 obligare
454 2718 570 2794 la'icos
598 2739 679 2794 ante
705 2724 1020 2815 communionem,
1041 2724 1131 2795 ‘cum
1157 2725 1324 2820 loquatur
1350 2722 1505 2822 expresse
1529 2725 1575 2802 de
1601 2725 1713 2803 sacer-

170 2823 311 2918 dotibus
338 2821 581 2897 celebraturis.
619 2819 756 2918 Qiodsi
791 2848 834 2898 ex
861 2824 1023 2899 tabacchi
1050 2823 1114 2899 usu
1149 2828 1282 2924 aliquid
1308 2827 1539 2904 irreverentia
1573 2829 1711 2907 detIve-

172 2945 229 3002 tur
256 2929 292 3001 in
319 2923 578 3000 sacramentum
607 2925 627 2997 d
653 2923 753 2999 la'ico
788 2923 1066 3022 suscipiendum,
1102 2927 1298 3024 prohibitus
1321 2930 1390 3004 erit
1415 2931 1507 3022 ille,
1544 2932 1712 3009 110111111-
1803 2932 1805 2937 ’

171 3048 251 3105 tuto
279 3029 438 3118 limano,
466 3027 524 3099 sed
550 3027 697 3116 divino,
724 3028 960 3103 811111111111.
986 3028 1137 3100 Certum
1162 3029 1273 3102 etiarn
1298 3031 1459 3121 videtur,
1486 3053 1711 3112 1101111111]ὁ

171 3131 207 3205 di
238 3129 513 3227 prohibitionem
540 3126 745 3222 synodalem
772 3128 933 3201 tabacclii
959 3129 1005 3201 ad
1031 3126 1131 3201 usum
1158 3153 1201 3203 ex
1228 3153 1308 3202 vera
1333 3129 1556 3222 necessitate,
1583 3142 1618 3212 &
1636 3162 1711 3212 nie·

170 3232 294 3306 dIcinae
322 3232 446 3322 causa,
478 3255 560 3304 cum
588 3227 817 3326 prohibeatur
842 3228 921 3302 usus
948 3229 1133 3302 medicinae
1159 3246 1351 3327 pretextu,
1377 3231 1436 3326 qui
1463 3235 1602 3329 proprie
1624 3263 1708 3314 cau·

170 3331 245 3410 sam
272 3331 387 3408 fidam
417 3334 653 3430 palliatamve
679 3326 873 3432 significat.
1519 3426 1523 3433 ⁵
1566 3412 1600 3424 ,.

267 3433 377 3532 Quod
402 3432 486 3510 verb
511 3430 691 3529 Qiitensis
717 3433 908 3532 Episcopus
934 3431 1050 3509 censet
1075 3435 1259 3533 expedire,
1287 3454 1328 3509 ut
1354 3437 1488 3534 praelati
1516 3431 1623 3513 la‘icis
1650 3464 1709 3515 ex·

170 3538 312 3639 pt‘eisiits
351 3557 434 3612 ante
469 3536 762 3612 communionem
803 3536 966 3611 tabacchi
1004 3537 1184 3635 pulverem
1209 3537 1425 3614 interdicant
1449 3574 1459 3632 ·,
1487 3544 1709 3619 contrarium
1806 3615 1812 3628 ,

170 3641 281 3718 habet
307 3639 533 3716 Benedictum
561 3638 661 3715 XIV.
689 3639 725 3711 id
751 3641 862 3714 etiam
887 3639 933 3713 de
955 3636 1191 3726 sacerdotibus¹
1212 3641 1437 3716 celebraturis
1458 3646 1576 3727 minus
1605 3669 1708 3746 expc-

170 3745 246 3821 dir'e
271 3746 506 3832 judicantem.
544 3741 658 3816 Verba
686 3741 824 3816 Summi
853 3741 1023 3815 Authoris
1049 3740 1128 3817 sunt
1167 3746 1452 3832 (a):'Nimiarn
1489 3746 1647 3822 severum
1674 3748 1707 3823 sc

170 3848 332 3946 praeberet
360 3845 572 3944 Episcopus,
599 3842 626 3916 fi
653 3841 871 3933 Mexicanae,
901 3845 1120 3941 aliarumque
1152 3842 1319 3915 similium
1345 3845 1572 3936 synodorum
1608 3850 1707 3927 vesti-

170 3951 230 4049 giis
257 3948 436 4040 insistens,
466 3964 527 4022 aut
550 3945 714 4018 omnibus
740 3968 824 4019 ante
850 3943 954 4018 sacrae
988 3943 1205 4017 eucharilliae
1244 3942 1541 4039 perceptionem,
1566 3949 1707 4027 autso-

170 4055 244 4128 lum
270 4051 505 4126 sacerdotibus
533 4071 616 4123 ante
643 4044 750 4120 millae
775 4046 1050 4122 celebrationem
1089 4045 1299 4118 tabacchum
1326 4048 1570 4139 interdiceret,
1613 4051 1707 4127 adie-

170 4157 219 4230 11
250 4151 437 4250 pracsertim
463 4151 689 4228 censurarum
716 4172 839 4248 piena.
877 4145 1101 4245 Qvapropter
1124 4172 1190 4221 nos
1216 4149 1252 4219 in
1290 4148 1485 4223 minoribus
1521 4149 1706 4233 constituti

170 4256 301 4354 semper
329 4253 491 4329 authores
516 4253 648 4329 suimus
674 4252 873 4350 Episcopis‚
901 4274 940 4324 ut
967 4248 1166 4338 hujusmodi
1194 4248 1486 4326 constitutionem
1512 4255 1533 4327 al
1561 4251 1634 4328 suis
1652 4254 1705 4349 sy-¹

170 4362 267 4435 rodis
293 4357 557 4432 subtraherent.
585 4355 792 4431 Benediistus
819 4353 928 4431 XIII.
955 4356 1177 4449 exploratum
1202 4352 1357 4444 habens,
1395 4360 1414 4427 a
1443 4355 1609 4430 tabacchi
1636 4358 1699 4435 usu

170 4487 310 4537 amnem
338 4484 432 4535 nunc
460 4457 568 4532 abesse
594 4458 856 4534 inhonestatem
883 4463 918 4532 b(
943 4456 1210 4546 indecentiam,
1248 4457 1349 4532 illuni
1375 4454 1509 4531 sumere
1546 4459 1704 4554 permisit

170 4568 256 4638 'ntra
284 4565 503 4638 Vaticanam
529 4562 704 4644 Bastlicam
729 4561 823 4654 (ubi
848 4558 909 4634 sub
934 4559 1304 4635 excommunicatione
1329 4557 1372 4636 ab
1410 4559 1624 4638 Innocentio
1651 4563 1701 4638 X.

170 4673 200 4744 bt
224 4667 291 4745 XI.
319 4688 395 4745 erat
422 4661 664 4765 prohibitus).

1112 4929 1116 4936 .
1636 4906 1651 4933 1

170 4871 1705 5046 ὼ-ὑῷ--αμώωμέὴ-ὴ-ωψιὸ--όὸύ--ὺᾱέἓκϋ

198 5114 260 5185 (a)
283 5122 312 5179 B·
332 5118 406 5181 XIV.
427 5118 478 5179 lib.
503 5143 529 5186 7·
551 5077 594 5181 be
614 5125 642 5180 S·
664 5124 702 5185 D·
721 5139 784 5190 cap.
804 5132 853 5191 ὅς.
874 5141 903 5180 n·
926 5140 953 5188 3·
980 5182 982 5187 .
1228 5189 1280 5286 Q
1473 5114 1482 5135 κ

1263 5218 1297 5290 ll
