3864 5686
501 232 1044 387 Γ1110110111111.
1103 315 1209 393 1700.
1266 302 1373 392 1766.
1599 319 1674 402 577

188 450 225 526 dc
250 442 437 545 epistolam
471 440 614 519 Nicolai
653 441 683 517 l.
711 441 805 541 apud
840 441 1007 519 eumdem
1034 444 1130 530 (a),
1156 420 1416 515 Corarrubiam
1452 437 1550 533 (s),
1586 440 1724 540 Grego-

190 553 283 625 rium
307 546 427 647 Lopcz
451 549 542 642 (c),
569 544 772 642 Henriquez
794 543 888 636 (d),
911 549 949 622 dr
973 540 1181 619 Marianam
1207 543 1300 634 (e).

521 743 1109 831 ORDINATIO
1181 738 1406 828 DLXXVI.

717 849 830 929 Anno
860 872 971 949 ¹745·
997 855 1059 928 26.
1085 844 1199 928 Mart.
1288 856 1293 868 '

271 1053 418 1133 Cclesrae
442 1056 621 1136 Romanae
644 1053 932 1133 Poenitentiarius
958 1052 1150 1154 apostolica
1176 1053 1398 1131 authoritate
1408 1049 1583 1155 Episcopo
1607 1053 1729 1134 Tucu·

299 1157 456 1234 manenst
492 1160 774 1237 communicavit
812 1161 858 1236 ad
894 1159 1140 1249 decennium,
1175 1176 1216 1233 ut
1250 1179 1310 1256 per
1347 1154 1383 1232 se
1408 1159 1463 1233 vel
1488 1181 1549 1259 per
1584 1156 1731 1233 idoneos

195 1259 443 1353 confessarios,
468 1263 507 1338 in
531 1257 674 1362 fingulis
699 1258 832 1337 casbus
867 1259 1089 1359 deputandos
1113 1255 1332 1357 specialiter,
1370 1284 1454 1335 curn
1484 1258 1691 1335 dioecesanis
1717 1314 1729 1350 ,

197 1365 324 1462 praevia
350 1364 468 1459 quoad
493 1363 655 1441 censuras
680 1368 716 1442 ἃ
740 1361 893 1438 excessus
918 1360 1162 1452 absolutione,
1188 1356 1287 1460 super
1313 1362 1575 1458 impedimentis
1614 1365 1731 1438 occul-

200 1470 243 1542 tis
270 1463 453 1542 affinitatis
476 1489 520 1542 ex
545 1467 674 1566 copula
700 1466 827 1542 illicita
852 1462 1158 1563 provenientibus,
1185 1459 1255 1536 srve
1282 1462 1319 1537 in
1344 1464 1494 1561 primo,
1526 1462 1593 1539 srve
1619 1465 1657 1538 in
1682 1459 1731 1538 se·

197 1567 338 1660 cundo,
365 1566 497 1643 sivein
525 1570 641 1667 primo
666 1564 769 1642 fimul
793 1572 830 1644 dt
865 1563 1020 1641 secundo
1058 1563 1245 1661 gradibus,
1271 1584 1413 1639 remota
1450 1564 1634 1640 occafione
1660 1590 1732 1640 am·

196 1671 286 1769 plius
310 1670 478 1769 peccandi
506 1695 589 1747 curn
623 1671 737 1768 putati
764 1671 818 1743 vel
854 1687 986 1766 puratae
1011 1666 1168 1762 conjugis
1193 1663 1454 1764 consanguinea
1491 1669 1545 1742 vel
1582 1661 1730 1741 consan-

196 1773 352 1870 guineo,
378 1771 522 1868 quando
561 1791 688 1870 agatur
723 1771 767 1846 de
803 1770 1039 1866 matrimonio
1075 1770 1282 1859 contrado,
1309 1768 1356 1844 ad
1382 1769 1527 1845 vitanda
1565 1766 1732 1844 scandala

198 1895 276 1973 quae
301 1892 349 1949 ex
375 1871 533 1948 divortio
569 1872 793 1971 sequerentur
817 1895 901 1948 cum
935 1871 1104 1968 ptaedillis
1130 1871 1413 1968 impedimentis,
1450 1871 1649 1948 dummod'o
1675 1895 1733 1946 oc·

200 1975 301 2050 culta
324 1993 557 2068 remaneant,
581 1975 775 2050 certiorate
802 1991 902 2070 parte
928 1971 1039 2048 inscia
1075 1971 1121 2047 de
1147 1973 1312 2048 nullitate
1338 1968 1521 2052 consensus
1546 2028 1557 2065 ,
1584 1972 1644 2048 sed
1682 1973 1732 2047 ita

199 2073 305 2152 naute
330 2095 371 2152 ut
398 2076 540 2151 alterius
563 2076 729 2151 delidium
755 2098 938 2174 nunquam
961 2076 1172 2171 detegatur,
1210 2075 1481 2151 matrimonium
1508 2098 1587 2152 uter
1608 2099 1654 2151 ue
1681 2076 1736 2148 in·

201 2198 257 2254 ter
281 2174 315 2251 se
340 2178 385 2251 de
412 2202 508 2253 novo
535 2172 666 2254 sectere
692 2176 738 2252 ad
764 2177 988 2274 praecavenda
1023 2174 1223 2267 scandala,
1249 2196 1424 2252 renovato
1455 2102 1623 2254 consensu
1650 2201 1735 2251 con·

204 2277 370 2370 trahere,
396 2285 432 2356 dc
458 2279 497 2354 in
522 2302 566 2354 eo
591 2302 792 2355 remanere:
827 2273 987 2372 Qrando
1011 2296 1133 2367 autem
1170 2301 1223 2351 res
1249 2274 1293 2352 srt
1317 2278 1363 2353 de
1389 2282 1621 2356 matrimonio
1651 2304 1760 2354 con--

200 2381 401 2471 trahend0,
427 2381 480 2453 ita
504 2380 602 2478 quod
627 2378 691 2454 nist
715 2378 975 2470 contrahatur,
1001 2380 1197 2478 periculum
1224 2379 1425 2454 immineret
1450 2381 1698 2456 scandalorum
1723 2435 1734 2471 ,

203 2503 244 2558 ut
271 2478 407 2580 publice
442 2478 579 2558 servata
605 2478 723 2559 forma
758 2479 985 2571 Tridentini,
1019 2479 1231 2556 contrahere
1268 2479 1419 2578 possmr,
1456 2481 1651 2582 dispensare
1678 2507 1737 2557 va·

204 2585 297 2660 leat.
326 2601 365 2656 Ξ
399 2578 449 2659 Et
476 2581 575 2682 supet
600 2583 856 2683 impedimento
881 2581 1038 2657 criminis
1063 2582 1226 2656 adulterii
1264 2606 1345 2656 cum
1371 2581 1442 2658 fide
1464 2587 1574 2679 data,
1609 2606 1738 2660 neutro

202 2705 328 2761 tamen
353 2684 640 2762 contrahentium
668 2689 705 2760 in
742 2706 898 2760 mortem
934 2686 1057 2782 prioris
1083 2685 1241 2780 conjugis
1276 2685 1528 2776 machinante,
1567 2711 1609 2762 ac
1635 2687 1738 2760 dunr-

206 2784 315 2861 m'odb
340 2786 428 2861 illud
452 2790 636 2864 occultum
662 2805 868 2879 remaneat,
893 2789 947 2875 ita
969 2784 1063 2885 quod
1086 2783 1258 2875 ejusmodi
1283 2786 1556 2886 dispensationes
1595 2792 1632 2863 in
1658 2788 1739 2864 soro

205 2883 391 2977 iudiciario
416 2912 491 2963 non
527 2882 793 2986 suffragentur.
832 2888 887 2963 Ex
912 2888 1118 2963 authentico
1155 2889 1357 2964 litterarum
1395 2889 1441 2964 ad
1468 2890 1525 2967 Ill.
1553 2890 1644 2968 DD.
1679 2888 1763 2985 Pe„

207 2987 517 3065 trrrrn-Michaiem
543 2994 762 3086 Argandotia
798 2989 1033 3065 Tucumaniae
1066 2986 1302 3086 Episcopum.
1340 2987 1500 3089 Easque,
1535 2991 1620 3069 licet
1644 2995 1741 3089 expi-

208 3090 338 3183 raverit
364 3087 535 3183 facultas,
560 3096 753 3168 extraclare
779 3093 912 3182 libuit,
951 3112 990 3166 111
1017 3094 1054 3166 in
1080 3088 1247 3164 similibus
1271 3089 1428 3185 constet,
1465 3094 1551 3194 quid
1586 3097 1629 3171 de
1657 3118 1741 3194 apc-

208 3189 332 3266 llolica
357 3187 574 3292 benignitate
598 3192 726 3295 sperari
753 3194 866 3294 petire
892 3192 1019 3292 pellit,
1045 3198 1081 3271 dc
1104 3192 1189 3292 quid
1212 3193 1360 3269 concedi
1385 3188 1519 3272 soleat.

638 3401 1311 3484 ADNOTATIONES.

313 3601 516 3683 Facultates
540 3601 690 3699 Maioris
715 3607 992 3702 Poenitentiarii,
1021 3633 1081 3708 pet
1106 3634 1210 3705 quem
1235 3609 1357 3685 habita
1382 3605 1434 3687 est
1458 3606 1645 3689 concessio
1660 3636 1744 3712 prar-

209 3703 307 3798 sens‚
332 3706 488 3784 recenset
512 3705 717 3788 Benedistus
743 3712 842 3791 XIV.
869 3712 914 3788 C.
939 3710 1053 3797 Pastor
1076 3717 1200 3786 Bonus.
1227 3735 1290 3809 95.
1316 3713 1401 3788 data
1432 3734 1491 3810 13.
1519 3713 1632 3812 April.
1658 3718 1743 3792 anni

213 3811 361 3908 praeced.
392 3832 500 3910 1744.
527 3811 622 3907 (f),
650 3813 707 3889 ubi
736 3816 756 3889 al
783 3841 881 3891 num.
909 3833 974 3911 43.
1003 3815 1155 3910 amplior
1172 3813 1209 3885 in
1235 3836 1273 3885 re
1299 3812 1475 3910 proposita
1502 3817 1653 3911 poteslas
1679 3816 1744 3911 111,

211 3910 367 4004 scilicet,
393 3917 497 4010 Super
520 3916 749 4010 impedimento
772 3918 918 3990 occulto
944 3912 1128 3988 affinitatis
1153 3937 1196 3986 ex
1220 3915 1348 4009 copula
1361 3911 1487 3988 illicita
1513 3915 1571 3990 seu
1596 3942 1640 3993 ex
1667 3921 1746 3994 assu

210 4000 406 4089 fornicario
433 4015 683 4110 proveniente,
710 4015 997 4114 quotiescumque
1023 4010 1111 4090 adsit
1137 4014 1357 4088 rationabilis
1383 4012 1509 4107 causa,
1547 4016 1632 4094 liciat
1658 4019 1746 4120 peri-

213 4119 335 4189 culum
364 4117 610 4209 revelationis,
634 4116 694 4193 seu
720 4116 968 4195 scandalorum
994 4141 1067 4192 non
1096 4117 1317 4208 immineret,
1345 4120 1399 4191 vel
1425 4140 1499 4193 non
1528 4114 1680 4216 adesset,
1708 4125 1746 4199 in

211 4217 453 4293 matrimoniis
479 4220 666 4294 contradis
690 4224 727 4297 dt
752 4220 1024 4311 contrahendis,
1052 4219 1089 4293 in
1113 4216 1194 4293 foro
1219 4218 1441 4295 conscientire
1464 4219 1682 4321 dispensare,
1711 4232 1748 4305 &

209 4316 399 4416 dispensari
424 4323 597 4398 mandate
623 4320 747 4418 poffit.
777 4344 813 4398 Ξ
848 4323 961 4420 Super
995 4322 1254 4418 impedimento
1279 4323 1425 4398 occulto
1462 4326 1619 4401 criminis
1646 4329 1746 4404 adul·

214 4425 318 4514 terii,
347 4421 373 4497 sa
399 4417 505 4498 suerit
532 4449 614 4498 cum
638 4422 709 4498 fide
743 4425 828 4499 dara
854 4426 1030 4501 duntaxat
1065 4444 1191 4498 neutro
1216 4424 1448 4498 machinante
1483 4426 1707 4504 commissum
1723 4420 1745 4519 ¹,

210 4527 353 4600 tamin
389 4524 642 4603 contrahendis
676 4551 784 4625 quam
823 4527 860 4602 in
884 4526 1071 4605 contradis
1105 4525 1343 4601 matrimoniis
1379 4523 1596 4622 dispensare.
1635 4552 1671 4600 =
1709 4530 1747 4606 Si

930 4648 933 4653 '
1578 4648 1697 4705 lamen

210 4751 1748 4791 —aess--wu-——m-fi-

255 4870 313 4943 (a)
335 4871 425 4932 Hard.
446 4887 471 4930 rs
494 4894 521 4938 3.
541 4869 647 4930 concil.
666 4869 725 4927 Col.
749 4876 833 4929 reta.
854 4887 917 4927 can.
941 4889 986 4932 55.
1005 4867 1043 4927 Et
1063 4882 1130 4927 tom.
1151 4887 1176 4930 s·
1195 4865 1245 4923 col.
1266 4883 1333 4933 309·
1388 4865 1443 4937 (b)
1463 4867 1619 4928 emarus,
1642 4893 1669 4938 4,
1688 4871 1745 4929 γ..

210 4950 288 5012 riar.
309 4972 370 5020 cap.
394 4973 440 5005 1ο.
482 4952 540 5020 (c)
561 4952 640 5017 Greg.
660 4947 874 5016 14111114.
897 4947 990 5012 7.11“1.
1012 4967 1058 5013 ²3·
1078 4944 1186 5003 Partit.
1210 4958 1234 4998 1.
1295 4940 1352 5014 (d)
1374 4943 1553 5015 Henrr'quea,
1575 4946 1628 5005 tib.
1650 4969 1675 5011 7.
1702 4949 1745 5007 De

207 5031 326 5098 11111111.
347 5051 410 5097 rap.
436 5051 479 5098 ¹3·
500 5047 577 5088 num.
599 5035 625 5081 8.
667 5023 721 5092 (e)
740 5023 975 5090 Marianae,7r'b.
999 5045 1024 5090 7.
1045 5024 1140 5095 Hister.
1160 5021 1238 5095 Hrst·
1257 5040 1320 5088 cap·
1341 5031 1369 5078 6.
1388 5025 1428 5082 Et
1442 5022 1497 5099 tib.
1520 5044 1566 5082 11.
1585 5042 1648 5092 us.
1670 5044 1742 5091 14.,·

252 5109 310 5183 (s)
333 5108 424 5170 Tou.
436 5109 515 5171 XVI.
534 5106 645 5169 nullm.
663 5102 798 5164 duxeras.
816 5105 852 5162 Ca
871 5120 920 5170 95.
1100 5127 1106 5137 ,

1203 5174 1337 5255 nara
