3864 5686
538 282 1065 377 ΙΛροηοιιιῑιε.
1122 303 1433 384 rga-1500:
1658 283 1703 365 ar

229 449 294 524 que
320 421 464 522 Regum
489 421 766 505 Catholicorum
791 425 937 501 licentia
973 424 1143 524 speciali.
1169 424 1255 501 Non
1279 422 1494 502 obstantibus
1523 419 1763 502 Constitutio-

229 530 326 603 nibus
351 531 389 605 δ(
411 525 707 605 Ordinationibus
744 524 965 624 apostolicis,
1002 528 1199 623 eaeterisque
1237 530 1421 605 contrariis
1455 524 1763 626 quibuscunque.

229 631 373 708 Roma.
400 628 511 708 Anno
540 648 648 728 1493.
674 650 712 727 4.
738 628 863 706 Nonas
900 628 1027 708 Maii.
1066 628 1176 707 Extat
1203 629 1241 703 in
1264 627 1400 710 Bullar.
1438 628 1592 721 Cherub·
1632 629 1767 732 Incipit

230 736 317 806 uter
341 748 480 807 catera.
578 796 592 807 .

1452 742 1458 753 x

656 796 1332 912 Anfuorarrouas.
1440 918 1443 925 ,

245 1102 247 1110 2
275 1042 344 1129 (1)
371 1034 821 1131 humamanam
846 1040 883 1117 in
907 1037 1053 1117 Novum
1077 1036 1213 1116 Orbem
1239 1039 1373 1114 venerit
1407 1038 1538 1136 primus
1571 1029 1764 1136 Ernopao

230 1167 329 1233 tum,
355 1140 500 1218 dubium
517 1138 573 1216 ’est
598 1139 694 1239 quod
717 1137 883 1217 Pontifex
910 1142 1071 1218 decidere
1096 1167 1170 1217 non
1195 1142 1301 1231 vult,
1326 1137 1386 1214 sed
1412 1137 1472 1213 sub
1498 1138 1602 1214 verbo
1640 1140 1765 1236 accepi-

233 1271 304 1316 mar
330 1245 466 1318 inventi
493 1240 600 1317 fidem
626 1242 791 1342 relinquit
826 1268 929 1341 penes
965 1265 1180 1342 exponentes
1194 1242 1369 1335 sadum,
1405 1242 1463 1340 qui
1490 1243 1600 1316 etiam
1624 1236 1765 1340 possunt

235 1344 383 1442 intelligi
410 1345 455 1420 de
482 1344 687 1419 inventione
725 1343 987 1443 praemonstrata
1021 1345 1176 1421 maxims
1202 1370 1285 1421 cum
1318 1345 1432 1422 etiam
1454 1342 1618 1440 praetatus
1650 1365 1766 1441 opetae

233 1445 441 1522 rudimentis
467 1465 569 1522 tanta
593 1469 716 1519 manet
740 1470 823 1520 eum
849 1449 962 1545 gloria
988 1451 1046 1545 qui
1074 1445 1240 1546 perfecit.

328 1547 422 1623 Sunt
447 1550 506 1646 qui
535 1550 717 1624 inventum
755 1569 837 1622 ante
861 1547 1045 1624 Colonum
1084 1551 1272 1648 praedicant
1299 1549 1341 1622 ab
1369 1546 1531 1624 Antonio
1568 1546 1661 1625 Zeni
1688 1547 1761 1622 Ve-

236 1671 316 1724 neto
345 1674 442 1724 anno
472 1648 583 1746 1381.
608 1648 684 1723 Scri
711 1667 802 1723 tores
828 1651 936 1747 Angli
975 1652 1216 1726 inventionem
1253 1651 1411 1726 tribuunt
1437 1653 1491 1737 (a)
1527 1647 1662 1725 Madoc
1688 1650 1764 1724 cui·

230 1753 310 1826 dam
334 1750 485 1826 Guineti
514 1750 658 1824 Walliae
683 1675 856 1849 stincipis
880 1749 1063 1851 fili0,.qui
1090 1778 1185 1827 anno
1217 1775 1323 1842 ¹¹09·
1352 1752 1397 1825 ad
1423 1749 1604 1826 Floridam
1643 1754 1765 1848 appul-

229 1854 281 1929 sus
306 1850 434 1928 sttustd
461 1852 548 1927 turri
577 1852 685 1926 totius
718 1852 870 1948 regionis
905 1853 1033 1929 adierit
1071 1851 1333 1952 possessionem.
1369 1850 1431 1928 Est
1455 1855 1514 1950 qui
1543 1871 1624 1927 ante
1661 1851 1763 1927 Salo-

227 1978 379 2042 monem·
398 1949 498 2030 firiffe
520 1972 648 2028 notum
673 1951 820 2045 scribat,
844 1951 999 2029 statuens
1024 1954 1142 2053 Ophir
1168 1957 1205 2030 in
1230 1953 1402 2044 Peruvio‚
1428 1975 1472 2027 eo
1499 1950 1654 2027 maxime
1680 1953 1763 2050 quia

230 2055 345 2154 Ophir
369 2057 469 2155 regio
494 2055 619 2130 eadem
645 2052 693 2129 est
718 2081 801 2130 cttm
836 2053 1074 2153 Sepharvain‚
1100 2055 1298 2146 Phervain,
1323 2053 1503 2131 Peroiiain
1538 2075 1577 2130 ut
1615 2052 1764 2128 inflesle-

231 2183 266 2231 re
292 2176 393 2234 amat
417 2155 570 2254 Joannes
607 2155 692 2231 Mill
718 2158 810 2254 apud
844 2157 1094 2234 Trevultianos
1133 2158 1226 2247 (b).
1252 2154 1343 2252 Qtae
1378 2158 1502 2255 opinio
1526 2156 1644 2232 minus
1678 2153 1763 2230 esset

231 2259 514 2352 contemnenda,
540 2257 567 2333 st
592 2256 680 2334 Peru‘
706 2283 838 2333 nomen
864 2256 945 2335 esset
972 2262 1144 2335 moderna
1167 2259 1263 2335 Novi
1283 2257 1388 2332 Orbis
1414 2261 1619 2334 inventione
1640 2259 1756 2355 prius.

231 2359 388 2438 Colonus
412 2360 483 2460 ipse
510 2383 607 2436 terrae
633 2361 801 2436 cavitates
827 2361 865 2435 in
888 2359 1098 2460 Hispaniola
1124 2381 1220 2438 ut·ut
1245 2382 1399 2458 repertas
1431 2360 1633 2437 Salomonis
1670 2359 1764 2433 auri·

235 2460 379 2538 fodinas
402 2463 468 2538 else
495 2463 635 2538 credere
660 2461 803 2538 habuit.

340 2565 429 2640 Sunt
453 2567 511 2662 qui
537 2565 723 2640 Colonum
749 2566 883 2640 alienas
909 2564 1043 2645 tabulas
1067 2567 1231 2644 sortitum
1256 2567 1400 2644 Novum
1423 2563 1559 2640 Orbem
1596 2561 1764 2661 cogitasse

242 2665 500 2760 credant,s1ve
526 2663 692 2742 consedet
718 2688 822 2766 atque
846 2669 962 2744 amica
987 2697 1099 2746 manu
1133 2672 1359 2769 suppeditatas
1384 2669 1453 2744 illae
1479 2666 1546 2742 saut
1585 2692 1603 2740 a
1630 2665 1764 2741 Marti·

230 2793 280 2841 no
303 2768 510 2847 Andelouza
534 2769 742 2860 Cantabro‚
770 2771 812 2845 ab
839 2772 952 2868 ignoti
977 2775 1133 2847 nominis
1168 2771 1363 2863 Lusitano,
1399 2768 1468 2845 srve
1496 2769 1539 2843 ab
1576 2765 1764 2865 Alplronso

190 2907 194 2911 ¹
228 2867 387 2946 Sanehez
411 2871 456 2946 de
476 2869 621 2949 Huelba
648 2873 685 2947 in
708 2869 843 2951 Baetica
865 2892 977 2950 nato.
1003 2873 1146 2953 cuneus
1171 2872 1309 2952 felicior
1333 2874 1453 2948 extitit
1481 2872 1503 2944 a
1538 2871 1655 2968 Regio
1680 2867 1765 2943 His-

210 3032 213 3036 .
229 2973 342 3067 panias
367 2971 682 3062 senatu-judicata
707 2973 802 3049 sraus
824 2973 984 3050 Americi
1020 2975 1183 3074 Vesp'ucii
1207 3031 1219 3069 ,
1244 3001 1352 3076 quem
1377 2998 1458 3049 cum
1484 2974 1579 3048 male
1615 2971 1764 3055 haberet

229 3073 320 3170 quod
350 3072 463 3165 Ligur
487 3073 648 3147 Colonus
671 3075 783 3146 etiam
808 3075 1022 3154 continentis
1048 3080 1186 3172 audiret
1212 3077 1397 3168 inventor,
1422 3100 1504 3151 eam
1531 3077 1672 3149 laudem
1697 3075 1760 3148 tri-

228 3173 331 3248 buere
360 3171 499 3245 induxit
535 3173 696 3247 animum
713 3206 715 3210 ’
731 3171 799 3269 ipse
825 3171 908 3264 srbi,
934 3199 980 3248 eo
1013 3175 1163 3251 successu
1188 3198 1228 3250 ut
1253 3177 1362 3251 Novo
1399 3174 1488 3250 Orbi
1514 3173 1578 3250 suo
1612 3176 1763 3248 nomine

231 3272 424 3373 imposito,
446 3271 580 3346 Veteri
615 3273 795 3370 imponere
822 3276 976 3350 lucratus
1002 3274 1044 3350 stt
1072 3284 1158 3364 (c).
1196 3274 1356 3352 Causam
1378 3279 1461 3352 vicit
1487 3277 1525 3350 in
1562 3276 1678 3375 Regio
1702 3275 1765 3350 Se-

227 3399 313 3450 natu
341 3393 466 3448 contra
494 3369 708 3469 Vespucium
732 3371 913 3466 Colonus,
944 3376 999 3450 vel
1014 3375 1158 3453 ‘Coloni
1183 3376 1386 3476 posteritas3
1413 3375 1472 3451 sed
1501 3403 1590 3454 cum
1605 3376 1765 3475 Alphon·

227 3477 264 3551 so
288 3478 392 3552 litem
417 3473 523 3549 habet
551 3473 644 3574 apud
668 3473 853 3573 scriptores
876 3477 988 3552 etiam
1013 3504 1107 3553 nunc
1147 3476 1185 3554 P.
1212 3475 1388 3556 Maurillo
1425 3479 1500 3568 (d)
1527 3504 1570 3554 ex
1606 3479 1762 3577 plurium

231 3605 315 3676 quos
340 3579 465 3652 laudat
475 3576 648 3652 sententia
675 3603 738 3674 pro
763 3598 860 3654 certo
872 3577 1007 3671 habet,
1030 3582 1224 3656 inventoris
1250 3585 1403 3679 primam
1430 3584 1571 3658 laudem
1598 3580 1764 3680 Alphon-

231 3679 268 3754 so
292 3678 538 3754 tribuendam.
565 3675 729 3765 Ejusdem
748 3679 926 3755 sententiae
948 3680 998 3756 est
1022 3684 1182 3759 Gomara
1211 3689 1300 3773 (e).
1328 3686 1403 3758 Nec
1432 3684 1565 3759 abludit
1593 3682 1764 3757 Ill.Hue·

231 3782 297 3857 tius
322 3781 416 3874 (f),
442 3781 501 3879 qui
528 3784 564 3856 dt
590 3779 758 3856 Acoslam
786 3786 855 3881 (g)
883 3787 918 3858 ὅ(
944 3782 1170 3859 Gatcilasum
1189 3787 1333 3860 laudat.
1361 3783 1409 3856 Et
1435 3787 1577 3879 quidem
1603 3809 1678 3858 uon
1701 3810 1760 3880 ap

231 3903 325 3980 paret
351 3909 421 3980 qua
447 3882 584 3956 ratione
613 3880 797 3973 Colonus,
837 3883 922 3956 dum
951 3904 1006 3958 tot
1030 3884 1235 3980 Principum
1265 3886 1379 3957 curias
1413 3884 1701 3973 circumcursat,
1736 3882 1765 3956 st

233 3987 305 4081 quis
330 3986 435 4060 vellet
462 3982 573 4058 classts
601 3983 816 4059 adornandae
841 3981 1059 4082 suppeditare
1085 3985 1265 4080 sumptus,
1293 3983 1448 4080 potuerit
1469 3981 1536 4058 esse
1563 4002 1639 4056 tam
1663 3982 1758 4056 secu·

234 4087 340 4160 rusde
352 4088 589 4186 navigationis
614 4081 955 4178 tumulaturum,
982 4085 1047 4161 nist
1074 4088 1281 4184 praelucente
1304 4084 1419 4183 aliqua
1447 4086 1542 4159 unde
1560 4082 1768 4159 undehabi·

245 4206 280 4260 ta
303 4192 448 4265 notitia.

336 4289 502 4389 Congerit
528 4289 681 4367 Herrera
709 4295 776 4383 (h)
802 4291 956 4390 plurium
981 4292 1164 4366 rationum
1189 4293 1326 4390 capita,
1352 4290 1475 4390 quibus
1501 4292 1539 4364 in
1564 4315 1645 4366 eam
1663 4291 1764 4389 eogi-

1005 4408 1017 4421 ’·
1608 4396 1715 4467 tatio-

273 4643 326 4710 (ει)
345 4646 435 4702 Mem·
455 4645 490 4702 de
501 4642 593 4701 Trev.
605 4662 678 4702 anno
692 4651 857 4710 rumare.
868 4645 978 4704 CXXII.
1063 4641 1117 4713 (s)
1137 4648 1211 4702 lluet
1231 4661 1295 4703 tom·
1321 4665 1344 4696 r.
1375 4644 1416 4701 De
1434 4647 1514 4703 Dem.
1533 4643 1589 4699 Era.
1615 4658 1694 4708 prop·
1713 4639 1767 4699 JV.

276 4720 329 4788 (b)
359 4725 443 4780 Anu.
467 4725 682 4786 ι7ο6.υ1.71.
713 4725 784 4783 Vide
812 4724 922 4782 Calmes
948 4723 979 4778 in
1023 4740 1050 4776 n.
1072 4732 1098 4778 ό.
1116 4741 1182 4791 pag.
1207 4742 1271 4788 ¹09·
1291 4722 1371 4779 Edit.
1392 4727 1482 4787 Neap·
1505 4740 1589 4786 ¹730·

241 4799 326 4870 Grues.
347 4802 408 4871 Dis.
428 4801 459 4856 in
478 4804 546 4870 Reg.
565 4800 677 4870 Ophir·
1064 4799 1123 4869 (ἕ)
1143 4804 1234 4871 Λΐθβ·
1254 4803 1276 4855 s·
1290 4801 1389 4871 ΗΜ·
1410 4798 1526 4856 Nais*
1547 4797 1589 4852 [θ’
1610 4795 1707 4851 Mc·
1720 4812 1765 4877 19·

274 4878 328 4943 (c)
346 4879 452 4934 Solone.
472 4879 492 4935 1.
508 4901 531 4932 ι.
551 4880 595 4936 De
615 4880 758 4944 Jur.1nd.
778 4898 839 4946 cap.
853 4903 878 4947 4.
890 4897 977 4943 aaut.
1022 4877 1128 4934 Garris.
1145 4879 1212 4950 Hist.
1231 4881 1327 4947 Iugur.
1345 4895 1406 4942 cap·
1428 4897 1454 4941 3·
1689 4931 1698 4952 r
1813 4891 1824 4900 ‘

272 4953 331 5020 (d)
354 4956 476 5014 Murillo
494 4956 544 5014 tib.
566 4975 593 5021 9.
615 4957 708 5027 (ἔτυμ’.
730 4960 823 5028 Hister.
1063 4953 1124 5024 (h)
1145 4959 1226 5014 Herr.
1254 4956 1359 5013 Derad·
1384 4975 1406 5005 ¹·
1437 4948 1485 5007 sib·
1510 4970 1536 5003 ¹·
1562 4965 1606 5014 tt·
1627 4966 1653 5001 ²·
1679 4953 1716 5005 θ’
1737 4966 1769 5017 3·

272 5032 332 5103 se)
352 5036 495 5102 Gainara,
514 5036 581 5108 lup.
602 5036 637 5094 de
657 5037 699 5092 las
719 5035 782 5094 lud·
802 5054 863 5103 cap·
889 5056 932 5103 ¹3·
1024 5042 1060 5092 Θ
1080 5053 1140 5100 cap·
1164 5046 1210 5092 16.
