3864 5686
578 418 1083 496 NOVIORMs,
1525 450 1549 528 3

67 567 219 640 samara.
241 558 280 632 de
302 553 388 632 iolas¹
411 559 563 634 marsitas>
583 560 801 656 nuncupavit
814 587 832 634 ες
850 560 1010 656 :indeque
1044 559 1183 637 illustris
1210 564 1282 654 ejus
1306 563 1441 643 domus·
1469 595 1599 670 cogno·

66 669 161 744 mine
184 662 228 736 de.
251 667 406 736 Cumara.
427 664 533 737 anila.
552 659 628 736 est..
658 659 740 756 Jam
766 685 857 739 vero
886 663 1038 736 Maderae.
1066 663 1351 741 denorninationi
1379 672 1446 743 toti
1477 672 1598 752 insula

67 766 252 844 attributas·
270 760 494 841 occafionem
519 764 617 840 dedit
643 765 873 840 interminata
897 790 972 862 qua
993 765 1230 866 undequaque·
1252 771 1516 865 cooperiebatur
1541 775 1597 850 srl-

67 896 140 947 ua..
157 867 197 944 Si
223 867 403 943 nonnullis
427 865 657 966 scriptoribus
675 867 807 965 Anglis·
823 865 993 940 habenda.
1011 865 1097 943 fides
1115 924 1134 960 ‚.
1153 888 1296 967 reperta
1314 869 1465 948 Madera
1500 875 1549 950 est
1574 905 1598 954 a

69 991 165 1050 eerto
190 969 353 1046 Machin
372 967 543 1044 insulano
559 969 622 1044 suo
634 1024 653 1060 ,.
671 971 730 1068 qui
756 967 847 1043 casu.
875 967 1087 1067 tempestate·
1117 972 1284 1046 videlicet
1306 974 1407 1048 auus.
1432 977 1470 1050 in
1496 979 1598 1054 illam

66 1093 213 1150 venerat
235 1098 318 1148 cum
343 1096 453 1147 uxore
467 1100 483 1144 :·
502 1096 572 1170 qua
599 1070 646 1145 ibi
672 1091 838 1162 mortua,
864 1073 962 1146 mari}
984 1070 1163 1170 ventisque
1188 1071 1362 1148 senalus
1387 1077 1596 1156 commisisse

69 1176 220 1252 Macbiu
244 1177 397 1265 dicitur,
424 1176 585 1249 incertus·
603 1175 754 1248 omniuo
778 1199 858 1273 quo·
875 1198 1020 1272 proram·
1044 1174 1240 1271 dirigeret..
1268 1174 1458 1254 Confimili
1482 1184 1596 1260 incer-

70 1280 218 1356 titudine
244 1301 327 1350 cum
353 1277 466 1350 maria
501 1277 571 1350 illa.
600 1277 740 1350 circum·
770 1274 999 1352 Castellanos.
1026 1274 1198 1375 quosdam
1230 1276 1437 1356 fluduantes
1474 1284 1595 1362 obvios

71 1375 260 1471 habuisset,
285 1402 354 1452 eos·
371 1377 418 1453 de.
443 1379 590 1452 invento
615 1374 679 1453 suo
712 1374 808 1454 secit.
824 1381 991 1453 certiores
1012 1431 1032 1470 ‚.
1049 1376 1171 1456 iisdem
1206 1380 1339 1478 Anglis·
1365 1386 1559 1461 austoribus
1585 1415 1595 1461 :

71 1480 251 1581 Hispanos·
268 1504 352 1555 vero
369 1479 562 1578 Gallosque
579 1481 715 1572 etiarn,
743 1505 825 1556 cum
851 1483 889 1555 iu
907 1478 1145 1578 conquisitam
1165 1478 1355 1559 Maderam
1378 1487 1495 1561 venire
1516 1508 1595 1564 tan·

68 1585 148 1660 dem
171 1580 419 1679 desperarent,
446 1608 541 1659 nunc
567 1584 604 1658 in
627 1583 724 1676 hos„
740 1607 846 1661 nunc.
864 1584 910 1659 in.
927 1584 1006 1660 illos
1030 1581 1270 1662 Canariamm
1294 1605 1415 1685 portus
1449 1591 1597 1689 recepis-

70 1681 226 1765 [eielet
246 1683 335 1760 Haec
360 1683 500 1784 Angli..

774 1815 820 1889 14
848 1816 883 1886 9·

546 1890 791 1971 Boxadorium
814 1811 1125 1970 [iromontorium.

113 1991 283 2096 AEgidius
307 1995 409 2069 Ariez
433 2013 538 2090 gente
563 1994 752 2071 Lusrtanus
776 1994 875 2071 socio
902 1998 1063 2072 Antonio
1089 1996 1269 2072 Gonzalez
1293 1994 1453 2092 Baldaya
1472 2014 1600 2096 praeter

67 2118 148 2174 ante
174 2100 264 2171 alios
289 2120 411 2170 omnes
437 2098 521 2170 naui
548 2115 585 2171 at
609 2096 776 2174 Boxad0t
801 2098 1115 2195 promontorium.
1141 2099 1234 2174 Sunt
1259 2102 1318 2198 qui
1346 2102 1487 2192 velint,
1524 2101 1596 2177 hoc

66 2201 150 2275 illud
173 2199 460 2297 promontorium
485 2223 504 2272 e
532 2220 576 2290 e,
597 2199 693 2300 quod
716 2204 815 2297 apud
826 2197 1073 2276 Ptolomaeum.
1086 2205 1241 2276 Canareae
1264 2202 1499 2299 appellatione
1519 2228 1598 2301 pro-

65 2299 211 2376 tensum.
229 2297 381 2376 vifitur..
400 2302 415 2331 *
440 2301 493 2376 At
519 2302 559 2376 in
584 2298 893 2393 Ptolomaeototo
913 2300 1039 2377 frustra
1065 2305 1352 2402 promontorium
1376 2303 1449 2392 ejus
1485 2307 1598 2404 appel-

65 2402 220 2477 lationis,
234 2401 433 2502 quaefieris⁸>
449 2402 518 2478 Ad.
541 2425 582 2477 1..
600 2404 700 2503 long.
726 2404 898 2505 gradum,
924 2410 962 2481 ἃ
986 2427 1083 2480 aro.
1096 2406 1141 2479 ad
1165 2413 1232 2482 16..
1250 2405 1324 2481 lat„
1340 2407 1496 2482 collocat
1518 2408 1599 2505 'qui-

64 2505 151 2579 dem
174 2505 231 2582 sex
254 2502 415 2597 insulas·,.
433 2531 584 2604 quarum
609 2508 671 2582 uni
697 2504 870 2582 Canariae.
888 2531 1027 2582 nomen·
1049 2508 1208 2606 appingit
1234 2511 1314 2597 (α).
1344 2503 1467 2602 Qram
1492 2532 1599 2607 porro

60 2603 260 2681 Ptolomaei
277 2608 551 2706 descriptionem·
568 2606 701 2683 Glosla.
718 2610 756 2683 in
781 2609 933 2684 eundem
958 2609 1054 2684 edita
1080 2607 1225 2683 Basrleae
1251 2608 1301 2698 (b)
1336 2607 1382 2683 src
1409 2609 1596 2705 explanat:

59 2761 89 2803 ,‚
117 2706 286 2783 Canariae.
304 2707 429 2786 insulae.
448 2709 566 2784 hodie·
580 2710 748 2785 dicuntur
774 2711 820 2784 ab
845 2709 1011 2810 Hispanis
1035 2711 1183 2787 excultas
1196 2765 1213 2784 ..
1230 2710 1322 2785 Sunt
1340 2709 1474 2808 septem
1498 2709 1598 2786 habi·

62 2862 95 2902 ,,,
113 2831 228 2901 tatae3¹
247 2830 325 2887 tres·
348 2810 491 2887 deserta
503 2867 520 2885 ..
538 2810 775 2889 Cadamullus
800 2838 876 2912 cap.
889 2835 934 2909 7..
954 2818 990 2891 de
1003 2811 1046 2888 8..
1063 2813 1155 2890 Sunt
1182 2833 1315 2888 tamen.
1340 2812 1597 2910 septentriona-

60 2913 308 3011 lioressquam
324 2910 551 3010 Ptolomaeus.
568 2915 719 2991 tradat..
737 2914 785 2989 Et
808 2913 880 2989 hoc
905 2917 986 2991 loco
1010 2913 1091 2991 sunt
1117 2912 1329 3012 Hesperides·
1361 2911 1506 3007 insula,
1531 2914 1598 2990 ho·

61 3014 112 3090 die
137 3012 283 3114 Capitis
308 3014 451 3095 Viridis.
466 3014 527 3091 sub
552 3017 717 3094 dominio
742 3016 860 3115 Regis.
875 3015 1131 3117 Portugalliae..
1149 3017 1597 3106 PetrusMartyrDecaal.

64 3113 110 3190 ln
126 3117 293 3192 eandem·
316 3140 402 3189 rem
417 3113 553 3188 Plinius
579 3120 612 3186 1..
631 3126 675 3191 6„-
694 3143 771 3213 cap.
801 3139 871 3215 32.⁷
889 3121 928 3194 in
951 3118 1111 3195 Historia
1137 3119 1325 3211 Naturali,
1352 3117 1410 3194 ubi
1438 3117 1484 3192 ad
1511 3117 1599 3191 For·

62 3236 205 3294 umatas
232 3212 364 3289 insulas
387 3215 506 3305 venit,
532 3211 730 3289 Canariam
754 3243 839 3288 curn
863 3219 913 3293 eis
939 3242 1201 3296 connumerat..
1228 3218 1319 3314 Qua
1344 3221 1468 3294 omnia
1495 3218 1600 3314 plane

62 3319 279 3410 conficiunt,
305 3339 386 3391 non·
407 3317 701 3414 adcoznuperam·
719 3334 966 3413 recentemque
991 3318 1230 3393 Canariamm
1266 3318 1601 3395 denominationem

58 3445 178 3521 noque
195 3419 367 3495 notitiam
391 3413 484 3508 esse,
508 3418 811 3516 quemadmodum
837 3419 977 3493 austeri
995 3419 1177 3515 placuerat
1200 3472 1218 3493 ..
1236 3413 1347 3513 Qiod
1377 3415 1406 3490 fi
1432 3442 1599 3514 promon-

60 3526 206 3598 torium
220 3522 312 3597 illac
329 3515 411 3594 esset
439 3521 591 3616 antiquis
615 3525 777 3592 Canarea
793 3521 1044 3610 nominatum,
1073 3519 1116 3594 ab
1141 3544 1186 3594 eo
1212 3520 1410 3610 conjellura
1432 3516 1499 3595 esse
1522 3517 1599 3617 pos-

60 3622 120 3699 set
142 3623 253 3698 didas.
272 3622 471 3711 adjacentes
496 3619 692 3710 Canarias3
718 3640 759 3695 ut
784 3616 1088 3718 Hesperidesillis
1124 3622 1294 3718 proximae
1321 3647 1340 3694 a
1378 3620 1493 3695 Vitidi
1519 3645 1600 3719 pro·

62 3725 252 3801 montorio.
269 3724 467 3798 vemaculo-
483 3719 642 3797 sermone
678 3726 708 3797 C
708 3721 883 3797 alonerde
918 3727 954 3799 ὅ(
981 3720 1108 3797 Insulae
1132 3723 1170 3795 de
1205 3728 1234 3796 C
1234 3722 1415 3796 alluserat
1446 3724 1599 3820 appella·

65 3829 212 3903 tionem.
225 3844 401 3904 mutuatae
425 3821 527 3900 sunt.
553 3824 688 3901 Plinius
713 3826 855 3923 quidem
879 3823 1081 3915 existimat,
1105 3822 1272 3898 Canariae
1298 3821 1470 3898 vocabulo
1494 3848 1600 3898 occa«
1707 3842 1712 3852 ·

67 3926 203 4109 fiffi
228 3926 348 4048 secisse.
365 3928 507 4021 Canes,
534 3929 595 4003 alii
621 3926 767 4054 Canms
793 3950 813 4001 e
839 3926 962 4024 quibus
987 3924 1449 4022 sacchanrmcxprimitur,
1476 3924 1599 4022 quibus

66 4055 87 4107 a
203 4052 224 4110 t·
243 4057 281 4108 re
308 4032 408 4107 10..*

116 4134 195 4210 Vox
221 4057 391 4209 Boriador
417 4157 439 4208 a
464 4129 643 4208 Lufitanis
668 4130 749 4224 est,
786 4149 944 4226 etymon.
971 4128 1149 4206 habensa
1175 4128 1291 4205 laxae·
1314 4127 1411 4230 quod
1446 4125 1601 4203 lusitano

65 4237 111 4313 &¹
128 4235 284 4331 hispano
301 4237 472 4311 idiomate
497 4233 548 4309 est
573 4236 768 4332 remigare.
794 4231 908 4309 Porro
933 4233 1030 4308 enim
1058 4234 1103 4308 ad
1121 4234 1320 4309 occiduum
1348 4229 1458 4306 solem
1495 4231 1604 4306 remi·

64 4360 163 4434 gare·
179 4356 237 4410 aut
260 4361 390 4414 navem
418 4359 520 4433 agere
546 4334 678 4411 necesse
715 4335 765 4411 est
790 4335 929 4410 cursum
955 4335 1001 4410 ad
1039 4337 1214 4410 orientem
1241 4336 1322 4409 illac
1360 4333 1561 4409 tenentibus
1586 4383 1608 4410 .Ι

68 4445 80 4466 ’
106 4439 247 4514 Verum
271 4440 343 4515 ello
369 4460 539 4533 etymon;
569 4459 605 4513 at
617 4437 721 4515 loxar
733 4460 808 4511 non
834 4437 929 4511 idem
954 4435 1057 4511 sonat
1071 4456 1175 4535 atque
1200 4462 1326 4535 vagat,
1353 4434 1448 4533 quod
1472 4434 1522 4510 est
1547 4456 1602 4508 re·

67 4544 220 4639 migne,
241 4538 299 4630 sed
316 4541 520 4638 ambagibus
539 4540 695 4638 longisve
716 4539 977 4615 circuitionibus
994 4564 1063 4638 qua
1085 4540 1189 4616 remis
1213 4535 1385 4636 velisque,
1415 4561 1484 4636 qua
1504 4534 1600 4634 pedi-

69 4640 136 4717 bus·
149 4667 286 4742 equove
308 4646 404 4719 viam
423 4643 581 4740 ingredi:
608 4638 860 4741 quoprosedlo·
877 4638 977 4717 sensu
997 4642 1095 4716 lacus
1120 4641 1271 4739 exempli
1292 4640 1408 4738 gratia
1433 4638 1602 4714 sexcentis

69 4746 257 4825 millenisve
267 4748 376 4824 leucis
387 4742 630 4839 ambitus‚seu
641 4771 701 4845 pet
714 4745 1050 4841 circuimm2vulgo
1059 4745 1096 4818 de
1106 4741 1167 4820 box
1178 4735 1601 4821 circumscribissdicitum*

105 5101 154 5174 (al
167 5105 241 5166 Ptol.
263 5105 315 5166 lib·
336 5086 495 5179 μαρὰ.
512 5110 551 5164 tr
571 5097 682 5201 Tabul-
705 5115 732 5173 a.
751 5100 881 5178 Africa·
921 5099 962 5173 (b)
981 5064 1064 5165 Edii.
1083 5103 1192 5174 Bastiae
1209 5113 1247 5156 ex
1266 5097 1330 5169 offic·
1345 5095 1432 5154 Henr·
1449 5092 1536 5154 Petri
1547 5092 1614 5154 ati*-

69 5194 205 5253 mrtna.
223 5202 294 5258 m.
320 5192 377 5253 '⁷6ae

993 5254 1038 5332 A.
1082 5230 1116 5332 a.
