3856 5678
234 308 317 387 450
648 282 1232 357 Ottntuatrones

189 427 401 515 stituuntur,
436 420 493 497 sed
519 446 583 518 pro
608 438 694 495 nata
731 417 917 496 occasione
941 414 1162 512 {transituro
1189 413 1343 492 Barbosa
1383 422 1482 511 (a),
1507 433 1550 493 ut
1584 413 1727 517 Episco-

189 528 253 626 pus
277 523 379 599 festos
405 523 478 598 dies
502 522 686 616 instituat,
721 522 866 620 requirit
900 521 996 619 quod
1022 519 1383 620 papnnsaudiatur,
1408 545 1482 598 non
1506 521 1607 618 quod
1647 544 1728 598 con·

187 628 338 706 sentiat:
364 629 401 701 bt
425 624 521 723 quod
538 627 583 711 ,in
607 623 741 719 synodo
768 625 804 697 id
828 622 940 723 potest
965 621 1037 697 stne
1063 624 1183 722 populi
1209 620 1403 699 consensu.
1611 626 1616 639 '

291 726 408 803 Ratio
432 724 646 805 Affirmandi
671 725 722 804 est
746 724 909 824 Episcopi
936 722 1085 823 potestas
1111 725 1158 801 ad
1183 724 1420 823 regulandum
1444 723 1483 798 in
1506 719 1571 798 sua
1598 719 1722 799 ditect-

191 828 220 907 fi
245 830 404 920 cultum,
431 828 517 905 dum
542 832 645 904 nullo
669 830 743 918 iure
768 830 988 903 mutilatur.
1024 824 1118 903 Can.
1154 827 1465 917 pronuntiandam,
1498 831 1553 903 De
1577 821 1722 917 Caesen.

188 939 236 1013 D.
266 950 299 1029 3.
328 929 472 1006 tantiun
496 931 624 1007 dicitur
648 930 744 1028 qued
771 928 937 1005 feriando
962 926 1032 1003 snrt
1057 930 1122 1003 isle
1146 925 1376 1020 festivitates,
1409 950 1495 1026 quas
1528 923 1661 1023 singuli
1681 925 1723 1003 E

190 1030 320 1134 piscopi
346 1033 384 1106 in
408 1029 477 1109 suis
501 1030 764 1131 Episcopatibus
789 1056 872 1109 cum
887 1032 1031 1207 'fopmo
1056 1031 1362 1122 collaudaverint,
1386 1053 1464 1126 quae
1489 1028 1620 1103 vicinis
1648 1046 1720 1105 tau·

192 1156 270 1215 tum
295 1134 652 1211 circummorantibus
678 1131 871 1211 indicendae
907 1153 999 1224 unt,
1023 1155 1099 1207 non
1123 1134 1333 1229 generaliter
1357 1129 1528 1207 omnibus.
1553 1124 1631 1207 Ubi
1652 1150 1721 1207 ttn·

191 1235 270 1314 tum
296 1235 468 1329 habetur,
493 1232 709 1313 observanda
734 1232 801 1311 else
825 1233 913 1312 festa
949 1234 994 1311 ab
1018 1232 1195 1335 Episcopo
1217 1231 1460 1310 consentiente
1497 1232 1640 1331 populo
1669 1234 1720 1310 de·

190 1360 311 1431 creta;
336 1361 410 1413 non
435 1358 586 1435 negatur
610 1335 851 1431 observanda,
877 1360 955 1435 que
979 1334 1140 1413 instituta
1164 1337 1248 1412 velit
1272 1333 1399 1434 absque
1422 1335 1559 1434 populi·
1584 1330 1721 1410 eonsen-

111 1476 116 1495 ·
191 1437 254 1532 su,
282 1436 371 1519 licut
394 1462 470 1514 non
493 1440 632 1515 tollitur
657 1436 789 1514 institui
815 1440 837 1512 i
862 1438 994 1536 populo
1030 1435 1125 1537 posse
1148 1462 1194 1515 ex
1218 1459 1305 1514 voto
1332 1439 1386 1512 vel
1410 1439 1620 1527 juramento
1652 1432 1719 1513 ebs·

215 1564 259 1619 ue
282 1538 446 1638 Episcopi
472 1537 643 1616 consensu
667 1534 828 1638 speciali.
854 1539 924 1617 Sed
948 1558 1060 1633 nota,
1097 1542 1137 1615 in
1161 1538 1321 1615 Decreto
1343 1538 1517 1615 Gratiani
1546 1562 1619 1635 pro
1648 1538 1720 1636 Epi·

186 1567 374 1740 imparibus
399 1643 467 1739 tegi
493 1644 540 1722 ad
563 1642 763 1739 marginem
788 1639 986 1740 Ept'seopiis:
1010 1642 1107 1741 quod
1132 1664 1207 1717 non
1233 1661 1311 1717 tarn
1334 1638 1512 1741 significat
1535 1637 1723 1734 dioetcdm

218 1768 304 1825 uam
329 1744 451 1825 lonnn
476 1741 514 1817 in
535 1742 678 1819 dioecesr
703 1739 900 1822 tendentia
924 1742 1147 1843 episcopalis.
1173 1740 1260 1839 Quo
1283 1744 1444 1819 videntur
1468 1735 1724 1842 significatise·

254 1867 369 1945 ,quat
394 1840 622 1927 instituuntur
648 1845 863 1943 aliquando,
897 1870 972 1920 non
997 1870 1061 1944 pro
1100 1865 1177 1920 tota
1200 1844 1366 1937 dioeccfi,
1389 1843 1449 1918 sed
1476 1869 1545 1943 pro
1580 1866 1655 1919 una
1675 1838 1722 1919 ti·

195 1947 329 2039 vitate,
354 1965 395 2023 ut
421 1941 549 2022 festum
574 1946 610 2022 S.
637 1945 733 2023 l’etri
758 1945 915 2024 Nolnsco
938 1945 1232 2023 bleoCordubn:
1258 1948 1305 2023 ad
1330 1947 1427 2044 quod
1452 1942 1659 2024 feriandum
1681 1961 1726 2021 te·

191 2068 322 2127 nentur
346 2046 439 2127 urbis
464 2053 500 2129 dt
524 2045 790 2141 suburbiorum,
815 2073 891 2123 non
917 2066 1038 2124 tamen
1063 2071 1235 2147 pagorum
1260 2046 1471 2123 nastieorurn
1496 2049 1642 2125 menta.

298 2148 349 2225 Et
373 2148 440 2225 bac
467 2151 658 2227 notatione
681 2170 825 2228 cavetur
861 2151 1019 2225 violenta
1045 2151 1207 2248 quaedam
1242 2150 1491 2248 interpretatio
1522 2146 1561 2225 P.
1596 2147 1728 2223 Suarer

195 2247 267 2342 (b)
294 2250 522 2350 intelligentis
549 2252 585 2324 in
613 2269 716 2326 textu
740 2253 855 2327 citato
880 2275 940 2346 pet
967 2251 1102 2327 vicinos
1126 2249 1392 2350 Episcopatibus
1426 2252 1551 2325 esrem
1583 2271 1728 2325 moran·

195 2371 270 2445 tet,
296 2374 358 2430 eos
383 2353 442 2452 qui
466 2375 542 2427 non
564 2351 723 2444 circum,
748 2351 807 2431 sed
831 2354 891 2450 qui
926 2355 1023 2429 intra
1046 2374 1261 2428 morantur.
1296 2353 1335 2428 si
1361 2354 1458 2427 enim
1484 2376 1553 2450 pro
1589 2348 1725 2450 Epison-

194 2451 336 2555 patibus
359 2456 455 2551 legas
480 2451 684 2552 Episcopiis,
709 2451 824 2529 sensus
847 2451 1060 2530 difficultate
1084 2475 1205 2547 caret,
1231 2479 1327 2555 quan
1400 2455 1524 2529 uident
1554 2451 1723 2530 firbutbio·

191 2580 275 2633 rum
298 2557 424 2633 incola
449 2552 589 2653 proprie
610 2555 792 2631 *dicuntur
816 2556 912 2631 circa
943 2556 1080 2631 morari
1104 2555 1299 2632 refidentiae
1320 2558 1377 2656 epi
1437 2556 1529 2655 palie
1567 2555 1690 2632 urbem
1712 2606 1721 2628 .

193 2655 302 2732 Circa
328 2656 586 2751 obligationem
612 2657 695 2730 verb
720 2655 890 2745 ejufinodi
916 2653 1002 2731 festa
1028 2655 1220 2749 servandi,
1257 2684 1331 2734 non
1357 2662 1395 2736 in
1420 2654 1634 2735 rusticorum
1670 2680 1721 2754 pa-

192 2759 270 2858 gis,
295 2754 355 2831 sed
381 2757 419 2831 in
442 2757 602 2855 oppidis,
626 2777 726 2834 extat
752 2782 829 2856 cap.
856 2776 918 2856 39.
944 2759 982 2832 in
1005 2758 1148 2856 Regula
1171 2756 1355 2835 Consteta
1383 2757 1563 2852 Limenli,
1590 2758 1653 2833 ubi
1674 2759 1721 2833 di·

193 2857 309 2935 citur:
336 2862 544 2934 Revocemus
570 2856 862 2937 constitutionem
887 2856 947 2956 58.
966 2860 1100 2955 synodi
1122 2859 1345 2938 Dioecesanz
1362 2861 1589 2959 Yungrytne
1607 2858 1723 2947 (dite-

193 2956 278 3034 ccfis
303 2955 496 3048 Limane)
521 2961 601 3035 anni
628 2961 735 3058 1585.
771 2957 854 3057 Qta
879 2962 1011 3038 scilicet
1035 2961 1208 3040 statutum
1233 2986 1312 3040 erat
1333 3018 1345 3058 ,
1370 2964 1469 3065 quod
1489 2959 1577 3037 sella
1614 2962 1654 3035 in
1677 2960 1720 3037 ci·

195 3058 387 3153 uitatibus,
414 3059 556 3154 castris,
581 3066 620 3138 dt
644 3065 725 3137 aliis
748 3065 834 3143 locis
858 3060 1098 3156 observanda,
1122 3065 1389 3142 obsennmtar
1413 3066 1528 3143 etiam
1551 3063 1590 3138 in
1614 3062 1718 3162 agris,

194 3178 235 3237 ut
262 3162 379 3237 videre
404 3149 455 3238 est
481 3164 575 3264 apud
599 3162 805 3247 Haroldum
829 3166 869 3245 in
892 3167 995 3241 Lt‘ma
1019 3169 1167 3241 limate.

296 3260 388 3362 Cap.
413 3264 626 3365 funerosus,
652 3268 858 3361 nefariis,
896 3268 992 3344 idem
1027 3267 1134 3346 habet
1157 3270 1254 3369 quod
1276 3266 1370 3345 Gan
1401 3266 1716 3356 romanarum,

193 3359 350 3459 scilicet,
376 3364 444 3443 esse
468 3365 700 3445 observandae
725 3366 989 3462 solemnitates,
1013 3395 1100 3469 quas
1125 3368 1252 3470 finguli
1278 3368 1440 3471 Episcopi
1464 3394 1553 3447 cum
1577 3372 1718 3445 clero&

194 3469 328 3568 populo
351 3468 517 3545 duxerint
541 3467 608 3545 eise
633 3473 869 3547 venerandas.
903 3472 1043 3570 Regusa
1070 3496 1131 3565 29.
1156 3480 1214 3549 De
1232 3476 1313 3573 rog.
1333 3472 1407 3570 jur.
1432 3474 1469 3547 ic
1496 3478 1537 3548 ⁶.
1562 3471 1717 3547 dicitur:

195 3568 290 3683 Quod
315 3593 440 3643 omnes
467 3571 582 3665 tangit
608 3568 653 3645 ab
663 3572 826 3649 omnibus
851 3572 954 3648 debet
979 3573 1173 3673 approbari.
1199 3573 1270 3654 Sed
1292 3573 1524 3673 intelligenda
1548 3575 1595 3651 de
1609 3569 1716 3648 omui·

194 3669 281 3759 but,
317 3693 392 3745 non
429 3667 587 3745 interesse
613 3671 785 3768 tantiun,
820 3673 879 3749 sed
903 3673 955 3762 ius
979 3675 1185 3754 habentibus
1207 3704 1221 3770 ς
1247 3678 1405 3776 alioquin
1429 3676 1547 3752 etiaut
1580 3670 1662 3750 teta
1692 3672 1717 3746 'a

192 3768 346 3857 Summo
370 3768 544 3849 Pontifice
571 3774 763 3871 approbata
800 3776 1020 3875 indigebunt·
1040 3781 1192 3877 populi,
1219 3785 1254 3859 dt
1279 3779 1508 3878 popularium
1542 3773 1721 3869 minuet

195 3869 790 4053 institituit·
807 3877 1610 4063 involumentum*
1649 3898 1726 4075 ‘lt

438 4030 450 4070 2

190 4073 741 4178 pi.t10rnmnmenpotettas
774 4108 848 4159 non
881 4083 1057 4161 limitatur
1075 4098 1108 4178 ,u
1120 4107 1163 4165 ut
1186 4106 1284 4184 patet
1315 4110 1362 4162 ex
1396 4084 1628 4163 antecedenti
1711 4132 1724 4174 ,

191 4199 278 4265 nam
304 4201 497 4257 monentur
519 4182 632 4259 etiam
656 4206 703 4258 ne
728 4187 939 4283 populorum
965 4189 1235 4286 importunitate
1258 4190 1315 4266 ndi
1339 4205 1445 4265 antur
1465 4188 1655 4265 adnotat
1672 4184 1725 4263 in·

192 4272 414 4396 Γῖῑωῑῑθψὸ
440 4306 525 4367 tum
548 4304 684 4365 certum
710 4285 777 4381 fit,
802 4290 991 4365 acocdente
1017 4294 1228 4388 populorum
1336 4288 1456 4383 cusu,
1493 4288 1628 4365 nedum
1658 4287 1724 4360 im·

196 4399 436 4476 portunttatc,
463 4383 641 4465 instituere
665 4387 793 4488 polle.
828 4389 943 4467 Nullo
967 4392 1074 4489 igitur
1108 4392 1183 4482 iure
1208 4393 1360 4494 potestas
1392 4390 1648 4492 Episcopum
1683 4385 1723 4460 iu

192 4485 363 4581 ejusmodi
389 4486 560 4571 festonm
585 4492 808 4571 institutione
834 4493 1036 4571 limitatur.

298 4593 369 4679 Sed
393 4594 562 4699 quidquid
588 4594 742 4688 Teologi
766 4591 955 4688 senserint,
978 4602 1016 4676 dt
1040 4599 1209 4697 quidquid
1235 4599 1364 4678 sonent
1383 4597 1495 4675 verba
1520 4599 1608 4693 iuria
1634 4591 1726 4669 enti·

193 4696 272 4795 luffa
298 4694 465 4777 mudum
490 4696 539 4772 est
565 4693 731 4773 decisioni
760 4697 873 4774 Sacrae
905 4698 1202 4801 Congregationis
1223 4757 1235 4798 ,
1260 4728 1370 4804 quam
1394 4699 1505 4779 refert
1541 4697 1724 4879 Pignapiel·

232 5038 287 5109 (a)
308 5039 391 5100 dard.
408 5043 453 5103 De
472 5012 1031 5118 renupserit.105}P.,.n.3e.te„.
1069 5050 1110 5122 (b)
1123 5054 1317 5115 Smtmr.
1333 5051 1483 5113 ΜΗ.
1496 5068 1560 5114 ne.
1572 5054 1662 5109 um.
1674 5068 1716 5105 ra.
