3856 5678
275 344 348 421 rm
708 313 1288 397 Onnrnarrouns

223 469 316 546 reete
351 460 514 538 adhibuit
547 459 748 560 ennnpltun
784 458 1032 557 prohibitionis
1056 461 1097 534 in
1119 457 1284 536 Levitico
1318 454 1453 550 saec,
1486 457 1649 557 ettamvir
1683 457 1761 547 jam

223 565 440 668 expirasset,
477 559 659 665 respiciens
682 581 918 661 temporquo
943 563 1117 662 vigebat,
1152 568 1189 642 br
1224 563 1305 638 inde
1341 581 1463 660 percus
1495 560 1690 661 peritam
1724 567 1761 641 R

223 658 923 868 normbaniprgppgpppntesxpppilgsppsttmp:
935 765 1002 843 esse
1038 770 1199 868 oportuit
1235 769 1284 844 do
1315 759 1491 867 aliquibus
1521 714 1761 856 christianis,

223 873 439 975 qnos-llus
476 873 598 968 pttaire
624 869 739 944 volltit
763 870 810 943 ob
844 890 1089 970 contemptum
1125 874 1211 971 legis
1236 869 1497 948 ecclesiastico.
1533 868 1620 944 Non
1656 868 1761 942 eninr

224 979 298 1068 ait,
323 970 482 1050 sobolem
516 992 674 1070 tempore
709 994 868 1047 romano
902 975 988 1071 legis
1020 973 1235 1050 succrescere
1267 998 1348 1049 non
1368 968 1545 1072 potuisse,
1582 967 1645 1043 sed
1678 984 1761 1044 aon

224 1078 339 1178 polse;
365 1077 462 1175 quod
486 1075 532 1150 ad
558 1096 695 1173 tempus
720 1073 821 1174 ipsius
845 1075 1013 1174 Gregorii
1038 1073 1160 1151 reserri
1185 1077 1310 1151 deber.
1336 1074 1445 1151 Certe
1470 1090 1594 1172 practer
1612 1071 1760 1148 Roma-

225 1205 296 1257 nos
312 1233 345 1291 „
362 1174 546 1272 Assyrios,
579 1174 766 1269 Parthos,
802 1176 953 1271 Medos,
976 1183 1016 1255 ᾱ
1041 1176 1152 1253 Indos
1173 1176 1349 1253 Asiaticos
1368 1230 1380 1270 ,
1416 1174 1501 1252 teste
1525 1173 1761 1269 Hieronymo

223 1287 320 1371 <a);
346 1280 536 1355 Nomades
553 1276 638 1355 teste
661 1276 928 1369 Chrisollom03
955 1279 1165 1355 Mexicanos
1189 1280 1427 1357 &Perusinos
1464 1275 1548 1354 teste
1583 1273 1759 1350 Avendo·

222 1388 274 1455 tio
300 1384 367 1455 loc.
393 1383 479 1471 cit.;
503 1381 652 1471 Scotos,
678 1384 713 1455 bt
739 1380 916 1455 Hibernos
950 1383 1043 1479 apud
1067 1383 1209 1478 Reding
1235 1382 1329 1473 (b),
1364 1379 1502 1454 constat
1539 1374 1753 1452 contrahere

221 1482 346 1559 solitos
371 1482 541 1572 ejusmodi
567 1482 823 1574 matrimonia,
849 1486 903 1556 vel
923 1482 1278 1573 illisincestuostora,
1305 1482 1430 1580 utpote
1452 1499 1644 1580 parentum
1666 1502 1753 1553 rum

223 1581 326 1659 filiis.
352 1582 414 1659 De
440 1579 709 1659 Atheniensrbus
734 1582 807 1657 haec
833 1585 938 1658 habet
963 1583 1151 1660 Cornelius
1176 1584 1316 1682 Nepos:
1343 1588 1452 1680 Neque
1477 1584 1574 1656 enim
1599 1578 1753 1655 Cimoni

221 1682 290 1761 suit
316 1706 416 1782 turpe
441 1681 713 1759 Atheniensium
739 1684 878 1760 summo
905 1687 982 1760 viro
1005 1686 1162 1761 sororem
1198 1709 1407 1783 germanam
1445 1685 1575 1757 habere
1612 1684 1651 1755 in
1679 1705 1758 1754 nna-¹

222 1786 415 1877 trimonio,
440 1788 564 1884 quippe
590 1810 672 1858 cum
698 1788 788 1860 cives
813 1791 884 1875 ejus
908 1790 1035 1862 eodem
1060 1808 1243 1862 uterentur
1269 1785 1451 1876 instituto3
1478 1805 1516 1860 at
1543 1782 1579 1856 id
1605 1783 1752 1881 quidem

220 1885 347 1963 nostris
371 1888 525 1961 moribus
548 1884 650 1961 nesas
674 1886 811 1963 habetur
837 1893 927 1978 (c).
953 1888 1105 1964 Constan
1131 1890 1242 1963 etiam
1268 1888 1473 1964 Guaranior
1502 1887 1541 1959 in
1577 1881 1756 1984 Paragui·

220 1990 275 2063 ria
301 1989 508 2064 contrahere
533 1984 655 2065 solitos
679 2013 763 2063 cum
789 1988 992 2083 sororibus,
1016 2010 1056 2066 ut
1082 1990 1190 2066 habet
1214 1988 1368 2066 Crsnedi
1394 1988 1485 2077 (d).

324 2090 374 2165 Et
396 2092 492 2166 inter
512 2088 690 2167 Peruanos
715 2092 758 2165 de
785 2091 906 2188 Inguis
930 2091 1046 2167 scribit
1072 2088 1226 2165 Hertera
1255 2097 1341 2180 (e):
1368 2094 1442 2164 Era
1466 2091 1643 2163 lei'entre
1661 2084 1756 2163 essee

220 2188 541 2290 poderososreies,
567 2218 634 2290 quc
658 2195 691 2266 el
717 2191 806 2292 Inga
844 2191 984 2269 tuuiessc
1020 2216 1086 2292 por
1110 2216 1235 2291 muger
1258 2198 1279 2267 a
1306 2191 1343 2267 su
1380 2192 1581 2282 hermana,
1618 2206 1758 2367 γαπ

221 2290 308 2367 caso
331 2317 397 2391 que
422 2289 530 2368 fuesse
557 2295 740 2386 adultera,
765 2318 814 2369 no
838 2294 974 2372 saltasse
1000 2296 1035 2370 la
1062 2292 1185 2394 sangre
1203 2297 1277 2370 real
1304 2319 1368 2392 por
1388 2295 1546 2392 ninguna
1572 2293 1659 2367 via.

219 2392 423 2471 Maleam
446 2395 563 2471 scribit
587 2397 841 2494 Torquernada
864 2395 954 2490 (f):
982 2398 1088 2470 padre
1112 2423 1180 2471 con
1208 2397 1322 2485 hijs..
1337 2448 1346 2468 .
1363 2451 1370 2467 .
1386 2449 1417 2468 ..
1453 2395 1642 2470 Hermano
1677 2412 1758 2470 mu

220 2495 415 2572 hermena..
451 2497 576 2572 Todos
612 2498 700 2572 estos
725 2498 854 2595 grados
887 2523 972 2572 eran
1000 2500 1189 2593 illicitosy
1224 2500 1392 2572 dirimian
1425 2499 1458 2570 el
1495 2496 1719 2570 matrimonio
1739 2544 1757 2567 .

218 2594 329 2692 Qtod·
353 2622 428 2672 non
452 2602 642 2698 opponitur
667 2599 871 2674 testimonio
895 2598 934 2675 P.
948 2602 1170 2690 Avendario,
1197 2602 1242 2674 dc
1267 2625 1338 2699 quo
1364 2622 1497 2696 nuper,
1524 2599 1625 2688 inrita
1652 2596 1758 2695 qnod

218 2697 496 2776 Mexicanorum
522 2726 600 2777 mos
624 2721 700 2775 erat
727 2700 920 2776 incestuose
947 2702 1181 2795 contrahere,
1208 2724 1310 2776 erant
1346 2703 1443 2776 enim
1483 2702 1577 2774 intra
1606 2696 1760 2796 Imperii

110 2884 114 2889 ,
218 2797 306 2875 fines
331 2822 453 2896 gentes
477 2805 592 2901 plures
616 2801 773 2877 moribus
797 2801 968 2900 dispares,
1003 2804 1221 2879 nominatim
1248 2827 1313 2894 ea,
1349 2828 1426 2901 qua
1452 2804 1639 2900 regionem
1670 2797 1756 2897 posi

219 2925 262 2976 ea
287 2902 336 2976 do
358 2902 556 3002 Vota-pace
590 2924 832 3002 nuncupatam
872 2905 1070 2997 incolebat,
1107 2908 1150 2980 de
1177 2930 1245 3003 qua
1281 2906 1376 2980 idem
1411 2901 1667 3001 Torqucmad'a
1704 2905 1757 2977 lo·

217 3003 360 3100 quitur:
385 3009 451 3080 Los
473 3007 511 3078 de
536 3013 623 3079 Vm
642 3028 712 3103 parc
734 3030 794 3081 era
820 3004 936 3081 suerza
962 3031 1029 3104 que
1054 3004 1206 3081 casassen
1233 3006 1421 3081 hermanos
1446 3026 1515 3079 con
1540 3006 1722 3077 hermam
1741 3048 1758 3075 a

217 3103 297 3181 Nec
324 3107 509 3181 tamenin
534 3128 588 3182 tot
613 3107 775 3205 gentibus
799 3106 996 3183 incestuofis
1021 3134 1094 3183 non
1122 3106 1355 3183 succrescebat
1382 3107 1539 3183 soboles.

322 3207 437 3283 Mitto
469 3210 565 3307 quod
603 3208 652 3287 D·
681 3208 876 3307 Gregorius
915 3213 1040 3284 eodem
1066 3213 1176 3285 modo
1212 3213 1368 3307 loquitur
1403 3212 1446 3283 de
1483 3206 1695 3305 conjugatis
1716 3205 1755 3282 in

215 3309 334 3407 primo
357 3309 635 3387 &insecundo
661 3313 805 3406 gradu,
842 3337 948 3409 quem
973 3314 1083 3386 eriam
1109 3309 1266 3409 expresse
1291 3313 1458 3386 nominat
1485 3310 1554 3384 ibi.
1591 3308 1755 3424 Quinte

217 3413 338 3485 lex...
366 3413 608 3507 per-mittitur
634 3410 702 3483 stve
729 3410 898 3489 frater&
923 3413 1054 3505 soror,
1093 3412 1159 3487 five
1185 3415 1338 3487 duorum
1364 3437 1617 3510 germanorum
1655 3408 1752 3484 silius

218 3516 257 3587 br
271 3512 376 3600 filia,
399 3516 492 3602 &03
519 3538 601 3586 etun
625 3515 789 3586 omnium
816 3510 988 3590 sententia
1010 3513 1166 3606 constet,
1192 3513 1381 3588 secundum
1407 3516 1556 3612 gradum
1578 3513 1650 3586 elle
1668 3528 1761 3585 tul-⁴

216 3633 298 3685 tum
324 3612 407 3701 juris
430 3611 672 3706 ecclesiastici,
698 3612 930 3712 dispensabilis
959 3618 1001 3690 ab
1027 3614 1204 3708 Ecclesia,
1230 3622 1265 3693 ὅ(
1291 3618 1328 3690 in
1354 3642 1425 3714 quo
1450 3613 1667 3713 experientia
1701 3608 1753 3686 os}

217 3711 374 3786 sobolem
401 3713 626 3791 succrescere.
669 3715 785 3790 Mitto
810 3718 920 3792 etiam
956 3721 1051 3815 quod
1076 3718 1272 3814 Gregorius
1309 3722 1465 3828 loquitur
1501 3719 1549 3790 de
1579 3713 1751 3813 conjugio

215 3815 289 3906 jam
314 3813 492 3908 fidelium,
517 3837 558 3891 ut
583 3839 680 3915 patet
706 3842 750 3891 ex
777 3839 900 3892 tenore
925 3820 1222 3915 interrogationis·
1240 3820 1287 3894 ari·
1311 3821 1422 3918 ipsum
1448 3817 1569 3894 saslae.
1608 3817 1754 3913 Nempe

215 3915 398 4014 quaesierat
423 3919 637 4015 Augustinus
661 3920 800 4018 Angliae
824 3919 1014 4019 Episcopus
1040 3927 1075 3996 br
1101 3920 1286 4020 Apostolus
1324 3922 1416 4018 apud
1441 3918 1620 4016 joannem
1657 3916 1753 3995 Dn-

216 4041 347 4091 conum
376 4021 412 4093 in
440 4027 522 4093 Vita
547 4023 700 4119 Gregorii
724 4027 819 4119 (g),
846 4023 939 4095 unde
974 4024 1030 4095 lex
1057 4023 1116 4096 illa
1141 4020 1370 4099 ecclesiastica
1398 4023 1556 4104 ,dedunt
1591 4016 1667 4095 est:
1694 4014 1752 4114 Us-

215 4146 274 4214 que
300 4121 344 4192 ad
371 4145 530 4218 quotam·
544 4124 811 4218 generationem
838 4120 954 4196 fideles
981 4121 1129 4198 debeant
1158 4126 1337 4220 copulari.
1366 4124 1422 4198 Ad
1448 4124 1545 4222 quod
1570 4116 1751 4219 dispensa-

216 4220 288 4293 tive
314 4219 518 4319 respondit:
543 4219 687 4297 Necesse
711 4220 760 4296 est
785 4241 824 4296 ut
863 4225 899 4296 in
926 4226 1054 4317 tertia,
1080 4228 1134 4298 vel
1160 4246 1327 4324 quarta..
1344 4280 1377 4297 ..
1405 4252 1492 4301 narn
1530 4222 1752 4301 infecunde

214 4324 367 4398 omnino
391 4319 428 4398 se
452 4324 581 4397 debent
606 4323 780 4410 abstinere.
1586 4364 1589 4371 ·

315 4424 383 4496 ad·
403 4448 438 4498 2.
464 4423 599 4511 Obie&
638 4424 681 4498 ln
716 4425 804 4501 locis
829 4428 947 4502 citatis
981 4429 1071 4502 nihil
1107 4426 1219 4502 fimile
1254 4428 1387 4506 hahent
1423 4428 1476 4505 D.
1516 4427 1748 4507 Thomas&

151 4571 163 4588 ,
212 4520 493 4600 Bonaventura:
531 4529 567 4603 be
590 4550 667 4625 quae
703 4552 782 4602 vcra
809 4526 853 4603 fit
877 4553 1002 4606 eorum
1037 4555 1160 4623 mens,
1196 4530 1332 4606 constat
1361 4552 1412 4627 ,ear
1437 4531 1743 4632 probationibus.

1636 4633 1697 4709 Ad

1038 4821 1091 4889 (e)
1111 4824 1191 4879 liert.
1211 4823 1250 4881 Ι).
1274 4845 1298 4887 5.
1319 4825 1339 4880 l.
1362 4846 1388 4889 4.
1410 4845 1432 4880 c.
1458 4845 1484 4876 r·
1548 4810 1550 4814 ‚

1035 4896 1084 4967 (s)
1105 4901 1257 4970 Tarquen.
1277 4900 1328 4959 lib.
1352 4923 1363 4956 1
1370 4923 1396 4968 ς.
1418 4899 1565 4959 Manates.
1588 4918 1653 4967 can.
1679 4914 1705 4963 γ.
