3856 5678
235 306 311 383 ⁴3²
663 278 1242 357 anruarrouns

184 430 315 511 Rae:
340 422 503 503 &zamri
527 428 566 501 in
597 417 758 501 omnbus
782 423 818 497 ὅ(
896 442 913 490 r
938 418 1062 491 omnia
1089 414 1273 491 Ordinarii
1305 404 1566 512 lorishaim,
1601 421 1639 496 bt
1662 441 1719 519 gu.

186 512 313 607 bermo
338 524 491 619 imru,
525 516 727 619 nudumque
752 518 804 607 ius
852 542 936 616 uper
963 517 1052 593 illud
1078 536 1281 616 competere
1305 518 1524 614 regularibus
1545 572 1555 594 .
1591 517 1649 597 Ex
1674 544 1717 598 ar·

188 630 310 711 mino
334 624 580 721 Cadubmfi,
599 623 696 720 quod
722 618 792 696 fuit
817 621 1005 699 societatis
1030 618 1110 717 Jesu
1138 624 1178 697 in
1203 620 1453 701 Tucumania.

540 823 1042 906 ORDINATIO
1128 823 1365 902 CCCXXIV.

723 928 833 1002 Anno
863 934 975 1007 1662.
1006 950 1065 1003 11.
1091 926 1192 1002 Febr.

195 1141 249 1315 S
291 1133 531 1234 congregatio
554 1130 710 1206 Concisii
735 1128 950 1207 sententiam
988 1134 1072 1209 tulit
1097 1135 1135 1208 in
1170 1129 1324 1207 Limane
1364 1126 1581 1218 elestionis.
1617 1126 1716 1215 Nan.

257 1242 286 1297 Α
317 1260 358 1336 pe
382 1230 671 1331 Archiepiscopus
695 1230 867 1310 Limanus
892 1232 993 1331 petiit
1017 1230 1211 1325 declarari,
1238 1255 1285 1308 an
1309 1229 1432 1307 Patres
1463 1232 1717 1317 Societatisin

193 1337 300 1416 sacris
334 1334 513 1412 constituti
539 1335 639 1425 juxta
677 1335 814 1411 indulta
849 1335 1093 1433 &privilegia
1125 1336 1200 1423 ejus
1225 1332 1383 1426 ordinis,
1407 1337 1444 1410 ἀ
1468 1330 1595 1432 postea
1625 1339 1716 1428 ejeffl

190 1461 253 1516 aut
276 1436 405 1512 dimissi
432 1435 557 1534 absque
584 1438 792 1533 patrimonii
828 1435 887 1510 seu
923 1435 1081 1511 beneficii
1108 1436 1341 1533 assignatione
1367 1434 1414 1508 ad
1450 1437 1635 1534 propriam
1665 1439 1718 1517 su·

187 1538 439 1615 stentationem
463 1556 687 1633 competente
711 1538 809 1626 juxta
846 1535 1053 1613 Concilium
1089 1537 1342 1613 Tridentinum
1376 1533 1448 1609 sels.
1475 1560 1539 1634 25.
1577 1540 1625 1615 de
1656 1541 1718 1620 Re·

188 1637 298 1719 form.
325 1664 403 1739 cap.
432 1660 489 1731 2.,
515 1637 711 1714 habeantur
736 1658 777 1713 ut
811 1631 963 1738 sulpenfi
988 1639 1033 1714 ab
1056 1639 1266 1714 executione
1292 1638 1485 1712 ordinum?
1523 1637 1576 1716 Et
1608 1662 1718 1740 quate·

187 1766 255 1819 nus
280 1766 356 1816 non
380 1738 450 1815 smt
476 1737 648 1838 suspensi,
687 1765 733 1814 an
759 1740 884 1838 religio
909 1760 1070 1815 teneatur
1096 1741 1166 1814 illis
1200 1740 1382 1838 providere
1407 1739 1452 1812 de
1487 1739 1644 1819 honesto
1666 1749 1713 1822 vi·

190 1846 276 1936 siu,
301 1841 428 1919 saltem
454 1842 492 1915 in
528 1841 667 1914 redditu
701 1841 937 1939 quadraginta
973 1865 1196 1931 aureorum,
1232 1841 1349 1915 donec
1386 1836 1564 1917 sufficiens
1595 1843 1714 1923 benefi-

190 1949 288 2021 cium
314 1940 446 2020 suerint
472 1940 639 2018 assecuti?
673 1941 783 2017 Sacra
808 1941 1053 2040 Congregatio
1077 1941 1273 2040 respondit,
1303 1941 1487 2037 religiosos
1520 1942 1620 2042 81.
1644 1944 1713 2046 'post

191 2048 260 2124 tria
285 2064 371 2123 vota
396 2042 565 2140 simplicia
598 2043 774 2119 duntaxat
809 2045 929 2142 vigore
954 2045 1217 2142 privilegiorum
1249 2041 1405 2130 ejusdem
1439 2042 1632 2120 Societatis
1663 2050 1718 2123 di·

189 2146 344 2237 mistos,
381 2169 457 2218 non
491 2144 741 2239 comprehendi
779 2148 847 2230 (1)
875 2147 910 2219 in
934 2141 1056 2220 Const.
1083 2141 1217 2221 Urbani
1245 2142 1351 2217 VIII.
1389 2142 1453 2219 De
1488 2145 1649 2245 Meris
1674 2144 1714 2226 Β

190 2244 356 2431 fp‘feediisid
365 2241 496 2339 Qtoad
521 2246 657 2344 reliqua
681 2245 773 2325 nihil
799 2245 1042 2323 innovandum
1068 2251 1152 2339 (ιι).
1179 2243 1234 2324 Ex
1257 2247 1318 2323 cit·
1344 2243 1539 2343 archivio,
1570 2252 1715 2350 &sam

264 2366 297 2426 rt
356 2349 519 2437 acroix(
564 2351 600 2436 ).

616 2560 1290 2642 ADNOTATIONES.

243 2768 306 2852 (ι)
331 2765 405 2839 Nm
428 2765 647 2862 comprehendi
659 2818 667 2837 .
693 2765 838 2843 Scilicet
863 2767 901 2840 in
936 2764 1200 2847 Constitutione
1223 2771 1328 2841 Sacra
1354 2766 1590 2868 congregatio,
1625 2766 1706 2843 dala

193 2887 256 2939 21.
283 2864 377 2963 Sept.
411 2873 543 2962 ¹⁶24·›
569 2892 676 2964 qnam
705 2867 811 2940 habes
837 2869 874 2941 in
892 2865 1054 2944 Bullario
1077 2868 1272 2944 Cherubini
1298 2866 1394 2962 (b),
1418 2894 1485 2968 qua
1507 2870 1607 2957 eiesii
1637 2891 1709 2964 per-

193 2964 303 3064 petui>
338 2963 590 3062 suspenduntur
627 2968 670 3042 ab
705 2969 875 3044 exercitio
898 2966 1100 3062 ordinum,
1136 2969 1271 3045 sublata
1306 2968 1510 3046 Ordinariis
1544 2967 1710 3046 facultate

192 3063 449 3164 suspensionem
476 3070 655 3143 relaxandi
684 3089 745 3142 aut
771 3071 1002 3146 moderandi.
1030 3071 1075 3145 In
1100 3095 1144 3146 ea
1169 3069 1284 3147 sermo
1309 3069 1360 3146 est
1383 3073 1427 3148 de
1452 3068 1634 3169 expulhs,
1670 3071 1706 3145 ad

192 3193 344 3267 quorum
377 3169 581 3269 ejesiionpm
615 3167 820 3268 supponitur
854 3172 1138 3271 incorrigibiliter
1173 3173 1270 3262 juxta
1311 3177 1340 3264 s.
1367 3179 1405 3249 6.
1441 3170 1705 3249 Constitutionis

191 3269 366 3361 ejusdem.
393 3269 480 3346 Haec
506 3294 627 3348 autem
651 3296 725 3347 oon
750 3270 1026 3371 prasupponirur
1050 3274 1088 3348 in
1112 3275 1225 3364 eieslis
1250 3275 1305 3347 vel
1330 3272 1501 3365 dimiffis,
1527 3276 1575 3352 de
1600 3273 1706 3373 anbtn

191 3374 349 3459 loquitur
372 3397 571 3470 exponens.
610 3374 734 3473 Neque
768 3375 1113 3474 comprehenduntur
1138 3378 1175 3450 in
1212 3377 1355 3452 decreto
1378 3374 1538 3452 Concilii
1577 3373 1708 3451 Limen

192 3473 237 3549 srs
262 3480 355 3567 (c),
380 3479 477 3563 cnjus
502 3497 604 3553 tenor
629 3475 710 3551 est:
744 3478 928 3574 Regularia
964 3475 1122 3554 instituta
1147 3481 1207 3576 qui
1245 3474 1384 3574 proseffi
1408 3475 1492 3554 sunt
1527 3475 1709 3554 deserentes
1775 3546 1777 3575 ,

192 3601 270 3652 non
295 3573 374 3651 suot
401 3578 445 3652 ab
470 3574 620 3652 ecclefiae
644 3574 840 3672 presulibus
864 3574 1029 3654 fovendi.
1065 3577 1114 3654 Iis
1141 3580 1249 3676 igitur
1273 3602 1385 3678 neque
1417 3577 1625 3657 beneficium
1649 3594 1707 3650 aut
1775 3582 1777 3589 '

193 3676 465 3755 ecclesiasticum
489 3675 720 3753 ministerium
746 3676 948 3755 conseratur
972 3735 982 3771 ,
1017 3702 1129 3779 neque
1154 3680 1329 3757 Indorum
1352 3680 1565 3779 parochia,¹
1584 3676 1646 3754 nist
1669 3677 1715 3752 ad

192 3780 231 3853 id
257 3782 419 3858 idoneam
455 3807 477 3857 a
511 3779 600 3855 Sede
625 3777 828 3877 Apostolica
865 3780 1080 3857 ostenderint
1097 3781 1322 3875 facultatem.
1359 3781 1445 3858 Non
1471 3784 1624 3882 inquam
1651 3778 1717 3854 hoc

190 3884 337 3959 decreto
361 3880 738 3981 comprehenduntur,
774 3883 856 3980 quia
893 3881 1008 3958 sermo
1033 3881 1082 3958 est
1105 3884 1151 3958 de
1188 3881 1363 3981 professis:
1390 3885 1488 3983 quod
1523 3884 1564 3958 in
1591 3879 1716 3957 odiohs

189 4008 265 4060 non
291 3986 388 4061 cadit
413 3987 452 4059 in
478 4004 562 4059 vota
590 3982 758 4080 simplicia
798 4005 939 4061 tantum
975 4004 1235 4085 nuncupantes.
1272 3984 1321 4061 Et
1344 3986 1417 4061 hoc
1441 3984 1572 4062 habuit
1609 3984 1719 4085 praxis

296 4241 455 4361 Limanie
481 4290 578 4386 praxi
604 4214 819 4391 lavetpregia
844 4290 1005 4389 quadam
1029 4289 1220 4382 schedula,
1257 4293 1353 4380 eujus
1381 4289 1483 4366 verba
1521 4292 1588 4367 dat
1607 4286 1723 4381 Syno

193 4387 259 4463 dus
294 4387 518 4488 Guamangae
555 4395 642 4484 (e),
677 4397 715 4470 dr
750 4392 806 4467 Ill.
834 4392 1023 4469 Villamoel
1062 4397 1122 4470 cir.
1158 4390 1227 4469 Sed
1254 4418 1350 4468 anno
1380 4390 1491 4488 1718.
1534 4415 1588 4467 12.
1623 4386 1725 4483 Junii

191 4492 323 4589 prodiit
349 4490 512 4567 schedula
538 4492 703 4591 sequens,
731 4496 787 4569 cui
813 4518 956 4592 propter
981 4500 1057 4585 jura
1085 4492 1170 4592 regii
1198 4512 1406 4592 patronatus
1431 4491 1595 4569 standum
1619 4511 1724 4566 erat:

190 4598 257 4669 Por
282 4611 402 4690 quanto
427 4593 461 4668 se
487 4597 632 4695 prohibe
656 4593 935 4695 expressamente
962 4600 982 4673 a
1008 4600 1063 4672 los
1087 4596 1248 4693 expulsos
1273 4599 1316 4673 de
1341 4598 1394 4671 las
1419 4595 1634 4695 religiones,
1658 4619 1727 4692 que

1598 4720 1682 4797 pue·

226 4957 284 5028 (2)
305 4962 386 5018 Lacr·
404 4983 434 5020 n·
457 4977 543 5032 2196.
562 4967 606 5025 De
625 4966 785 5026 Sacc-Ores.
823 4966 882 5037 (b)
902 4971 1011 5028 Ballar.
1030 4968 1282 5031 carradam-JV.
1323 4969 1372 5040 (c)
1394 4970 1720 5040 nummum

229 5035 292 5107 (d)
313 5038 434 5098 Vissarr.
451 5046 486 5106 P.
511 5065 536 5100 r.
556 5063 584 5116 q.
605 5055 633 5102 a.
651 5060 710 5104 arr·
734 5066 759 5110 7·
799 5044 853 5116 (e)
875 5049 1234 5120 ammonicionem.
1257 5069 1304 5119 30·
1326 5046 1427 5119 πη.
