3856 5678
511 322 1203 430 Aiosrottcn.·r5oo.·
1239 343 1348 433 1563.
1582 344 1646 415 161

188 492 218 570 5.
240 468 336 569 Sept.
368 476 501 563 1620.,
527 497 603 572 quar
628 475 664 546 in
692 474 897 551 authentica
922 473 1040 551 sotma
1065 474 1263 553 servabatur
1287 477 1325 550 in
1359 474 1517 553 archivio
1548 474 1700 579 Collegii

188 570 516 652 NeoCordubensrs
540 578 577 649 in
602 574 851 652 Tucumania.
875 576 974 653 Nam
998 577 1081 652 ticet
1108 576 1156 654 ibi
1182 576 1436 676 nonexpresse
1460 580 1664 685 nominetur
1689 636 1701 673 ,

190 697 225 752 nt
249 674 405 773 expresse
428 676 659 753 nominantur
684 702 767 752 cum
783 674 859 779 ¹suis
881 680 976 755 datis
999 682 1163 781 reliqua,¹
1184 677 1404 756 Constitutio
1438 677 1589 755 secunda
1612 682 1704 759 sixti

188 777 252 871 V„
275 802 354 876 quae
377 777 501 875 incipit
527 784 714 854 Romanam
739 779 858 872 decet,
894 779 969 853 haec
994 784 1112 879 potitis
1137 780 1188 857 est
1213 781 1485 880 praecedentium
1516 780 1702 859 confirma-

190 883 261 983 tio,
286 904 395 977 quam
420 904 514 953 nova
539 881 735 956 concessio.
771 878 954 957 Permislus
978 882 1026 957 est
1051 882 1136 958 verb
1159 885 1301 958 illarum
1326 884 1490 958 omnium
1523 882 1628 978 usum
1651 888 1703 959 Er

189 998 303 1079 parto
328 1004 379 1053 no
403 975 501 1054 suere
527 1004 654 1057 contra
677 985 712 1057 el
736 981 1075 1075 Real,Patronat0‚
1101 986 1203 1076 scies,
1239 985 1403 1076 sedulas,
1436 1010 1460 1079 y
1485 986 1703 1073 ordenamas

190 1082 314 1157 hechas
339 1106 425 1177 para
450 1083 486 1155 la
512 1082 626 1157 buena
651 1087 886 1181 govemacion
911 1087 955 1158 de
981 1087 1033 1160 las
1059 1088 1195 1178 Indiar,
1220 1105 1260 1159 ut
1284 1088 1322 1161 in
1346 1088 1408 1161 cit.
1433 1084 1703 1164 SchedulaPhi·

190 1185 266 1282 lippi
290 1182 407 1257 Tertii
434 1206 596 1258 cavetur.
624 1183 668 1257 ln
694 1210 736 1260 ea
762 1188 847 1261 dum
873 1187 1081 1283 exprimitur
1105 1185 1250 1284 praesens
1272 1183 1376 1263 Pam
1400 1187 1628 1283 constitutio,
1651 1184 1703 1263 est

191 1284 463 1461 ptraettppmnlppise
477 1287 627 1461 numprit
642 1290 818 1462 mupatio,
846 1290 929 1361 anni
956 1289 1118 1465 vidplapppt
1133 1286 1345 1463 &spino
1374 1311 1509 1467 {49}
1541 1315 1615 1466 gap
1635 1290 1703 1465 pia·

192 1414 253 1562 uita
290 1413 578 1562 donnicatidmad
591 1413 710 1586 antiatis
744 1411 1122 1587 Pappppapltpenpmmerps
1145 1414 1297 1564 refirriia
1328 1412 1706 1591 1isit.·i2t·quaeol²ribs

193 1586 246 1663 lv.
273 1590 474 1664 tribuuntur
499 1614 543 1665 ex
567 1591 668 1664 annis
698 1591 804 1686 1568.
833 1596 869 1667 dc
898 1614 1005 1686 1571.
1033 1587 1084 1666 Pli
1112 1592 1158 1664 V.
1183 1590 1282 1667 succe
1309 1595 1380 1667 oris
1404 1589 1505 1668 sunt.

231 1695 312 1780 (n)
338 1688 560 1783 Conversari.
598 1691 682 1766 Non
716 1690 766 1766 est
791 1691 937 1767 dubium
971 1693 1056 1790 quin
1081 1693 1151 1766 hoc
1186 1693 1405 1793 privilegium
1429 1692 1539 1791 posset
1573 1693 1703 1771 habere

195 1794 302 1867 lnntm
325 1794 362 1867 bt
387 1788 487 1865 usttm
513 1788 664 1890 respectu
690 1790 885 1867 infidelium
908 1796 968 1890 ¹qui
994 1794 1171 1884 haretici,
1195 1795 1320 1886 judaei,
1345 1814 1410 1868 aut
1434 1793 1590 1870 saraceni
1616 1792 1701 1872 sint:
1823 1808 1826 1813 '

195 1893 256 1969 imit
279 1893 396 1967 etiam
419 1892 571 1991 respeslu
604 1917 856 1993 paganorum:
891 1920 963 1992 quo
996 1896 1141 1969 nomine
1176 1894 1345 1981 christiani
1358 1894 1538 1994 scriptores
1571 1919 1704 1975 vocant

195 1994 359 2070 idolorum
392 1996 543 2069 cultores
567 1996 625 2094 qui
661 2020 845 2093 nunquam
869 1993 977 2069 fidem
1012 1996 1228 2072 catholicam
1263 2016 1496 2097 agnoverunt,
1531 2017 1573 2073 ut
1597 1996 1714 2075 habet·

146 2102 149 2205 j
194 2092 301 2173 Glolsa
327 2097 531 2194 marginalis
556 2097 593 2171 in
617 2124 686 2197 cap.
713 2102 831 2208 Quam
844 2100 918 2189 ſss,
942 2105 995 2171 De
1009 2098 1157 2188 Judaeis.
1184 2099 1297 2175 Ratio
1323 2098 1408 2192 est,
1443 2100 1526 2196 quia
1551 2097 1701 2199 respedtu

196 2198 340 2273 mnium
365 2196 535 2285 eiusmodi
562 2195 754 2273 infidelium
780 2196 859 2275 sunt
886 2199 926 2273 in
947 2201 1007 2281 cit.
1033 2225 1102 2297 cap.
1128 2194 1167 2275 is
1192 2200 1251 2273 rit.
1277 2206 1328 2274 Dr
1342 2200 1472 2293 Judaeir
1495 2201 1701 2297 prohibitio·

197 2323 241 2375 ue
261 2297 521 2394 ecclefiasticae,
558 2299 726 2397 iquibus
752 2324 812 2398 per
847 2301 1027 2401 privilegia
1053 2301 1129 2398 quis
1155 2303 1351 2376 eximatur.
1377 2300 1513 2375 Veritm
1548 2300 1701 2400 respestu

170 2398 477 2494 labrorum
502 2401 625 2499 quibus
650 2400 860 2477 multisunt
886 2404 924 2477 in
950 2401 1133 2477 Indiarum
1169 2402 1368 2498 regionibus
1393 2426 1458 2477 nec
1495 2403 1701 2502 baptizati,

202 2526 252 2577 nec
273 2502 453 2595 haeretici,
478 2526 544 2578 nec
566 2503 693 2595 judaei,
718 2528 784 2578 nec
808 2502 987 2595 saraceni,
1012 2528 1077 2578 nec
1103 2504 1282 2595 idolonun
1307 2504 1491 2596 cultores,
1526 2502 1706 2580 dubitave-

200 2605 239 2678 rit·
252 2606 349 2703 quis,
375 2630 424 2680 an
447 2604 521 2679 brec
545 2603 720 2683 concessio
743 2603 826 2681 esset
849 2631 893 2681 ex
929 2603 1025 2695 utsu3
1063 2631 1148 2681 nam
1173 2627 1296 2703 praeter
1319 2606 1612 2681 communionem
1645 2604 1703 2681 seu
1743 2626 1746 2631 ’

200 2707 541 2783 communicationem
564 2709 602 2781 in
629 2709 707 2783 actu
731 2733 863 2804 pravo,
889 2708 986 2783 illius
1012 2707 1299 2807 approbativam,
1324 2732 1368 2781 ac
1388 2707 1546 2805 periculo
1567 2704 1702 2783 subver-

202 2802 285 2883 bvnit
306 2807 503 2884 obnoxiam
527 2834 604 2908 quae
629 2811 704 2909 lege
729 2809 882 2885 naturali
907 2814 944 2885 dt
967 2809 1088 2883 divina
1113 2807 1328 2900 damnatur,
1354 2814 1389 2886 dt
1413 2810 1542 2885 nullius
1566 2808 1703 2908 privile-
1727 2896 1733 2911 ,

202 2907 406 3001 giimateria
442 2907 509 2986 esse
533 2910 682 3009 potest,
717 2936 791 2985 non
819 2929 961 3008 apparet
995 2911 1051 2999 ius
1075 2934 1147 3008 quo
1173 2935 1256 2985 cum
1293 2908 1495 2985 hominibus
1531 2911 1568 2985 id
1592 2933 1701 3009 genus

146 3006 148 3011 ’
204 3012 433 3089 communione
463 3037 560 3109 aquae
594 3017 647 3088 vel
672 3015 760 3112 ignis
786 3012 1067 3093 interdicamur:
1105 3007 1414 3108 &consequenter
1447 3036 1523 3085 non
1558 3031 1702 3109 apparet

203 3110 357 3188 mellitas
395 3112 569 3210 praesentis
592 3114 764 3213 ¹privilegii
801 3117 847 3189 ad
866 3110 1150 3187 conversandum
1183 3137 1269 3185 cum
1303 3110 1474 3201 ejusmodi
1508 3111 1664 3187 barbaris
1677 3138 1701 3187 ·.

205 3203 364 3313 Qidquid
388 3218 433 3289 de
457 3217 525 3290 hoc
551 3216 613 3307 stt,
643 3217 730 3290 illud
754 3240 830 3290 non
854 3213 904 3289 est
927 3213 1107 3303 dubium,
1144 3211 1171 3286 fi
1197 3210 1419 3286 conversatio
1446 3212 1492 3285 ad
1527 3236 1588 3285 eos
1620 3237 1704 3287 con·

204 3319 385 3409 verendos,
412 3318 664 3408 reducendos,
699 3318 754 3391 vel
790 3316 997 3407 cicutandos
1031 3313 1192 3412 proxime
1228 3312 1283 3393 vel
1320 3310 1457 3388 remote
1481 3314 1701 3406 ordinetur,

206 3420 279 3493 unni
304 3418 380 3508 jure
405 3415 471 3493 else
496 3421 633 3495 licitam
659 3424 695 3496 dc
719 3419 960 3495 laudabilem.
982 3462 990 3477 ·

279 3515 412 3614 Qtoad
437 3523 801 3597 communicationem
826 3522 865 3596 in
898 3516 1102 3619 sacrificio,
1140 3517 1198 3595 seu
1232 3516 1528 3609 coifffistentiatn,
1564 3509 1605 3595 P.
1631 3514 1703 3595 ca·

205 3610 381 3719 ffitpalao,
405 3620 577 3713 Coninlc,
602 3621 804 3699 Cardinalis
828 3623 875 3697 de
900 3621 1007 3720 Lugo
1034 3622 1182 3713 volunt,
1210 3619 1366 3697 infideles
1388 3618 1582 3696 universim
1604 3644 1707 3717 arem

203 3714 242 3809 fi,
259 3724 366 3801 etiam
391 3723 476 3822 pute
500 3726 670 3821 gentiles,
685 3723 740 3805 ,ab
767 3721 1002 3801 interessentia
1028 3724 1075 3799 ad
1099 3718 1321 3797 offertorium
1346 3728 1382 3798 ἃ
1397 3724 1580 3821 deinceps.
1607 3716 1700 3821 Fun-

202 3814 385 3901 &mentum
415 3823 493 3923 ipsrs
521 3826 724 3900 authoribus
749 3823 798 3899 est
827 3848 859 3898 1.
886 3829 928 3899 C.
954 3823 1126 3925 Episcopus
1152 3831 1214 3917 67.
1248 3831 1301 3899 De
1326 3820 1470 3915 Corrsecr.
1505 3829 1554 3897 D.
1586 3845 1617 3895 t.
1655 3822 1702 3897 ll·

202 3916 245 3996 lvd
271 3947 395 4003 tamen
430 3924 477 4000 fic
509 3927 645 4001 habet:
682 3926 853 4026 Episcopus
878 3928 1019 4001 nullum
1043 3925 1229 4024 prohibeat
1266 3926 1399 4021 ingredi
1424 3921 1609 3997 ecclesiam
1631 3976 1643 4013 ,
1668 3928 1703 3999 dt

203 4024 300 4103 aurire
322 4028 467 4103 verbum
493 4027 589 4120 Dei,
614 4026 684 4103 slve
709 4030 914 4128 gentilem,
950 4024 1021 4101 stve
1052 4026 1292 4119 hereticum,
1318 4022 1388 4101 five
1411 4026 1562 4115 judaeum
1596 4020 1703 4120 usque

202 4124 385 4205 dmiffim
409 4135 740 4205 catechumenorum.
779 4129 980 4229 inquibus
1014 4152 1089 4203 non
1126 4132 1320 4229 precipitur
1354 4148 1397 4202 ut
1430 4127 1507 4225 quis
1546 4144 1709 4202 arceatur

201 4228 255 4318 lvii
274 4230 415 4307 missam
439 4234 801 4326 catechumenorum,
822 4233 884 4309 sed
909 4258 955 4317 ne
977 4233 1055 4331 quis
1078 4252 1187 4307 antea
1205 4250 1390 4323 arcentur.

279 4359 313 4411 ι.
340 4334 552 4411 Autboritas
578 4335 733 4413 Dionifii
771 4362 839 4438 cap.
866 4362 904 4433 7.
939 4344 993 4413 De
1017 4338 1329 4515 Erclisierarch„
1356 4341 1415 4415 ubi
1441 4341 1571 4415 citatur
1606 4334 1629 4413 l
1652 4335 1706 4414 D.

204 4428 351 4531 iboma,
376 4445 413 4516 dt
438 4438 459 4512 l
485 4435 524 4514 P.
550 4438 700 4515 Suarec.
728 4440 798 4516 Sed
823 4466 868 4516 eo
896 4443 979 4517 loco
1002 4439 1118 4521 nihil,
1156 4443 1261 4515 venio
1285 4442 1381 4540 qnod
1406 4439 1577 4539 praesentis
1604 4462 1706 4535 argu-

196 4545 285 4648 {llcnti
310 4539 377 4617 stt.
402 4539 494 4639 Cap.
520 4540 604 4617 verb
631 4561 665 4639 3.
694 4550 724 4635 §.
749 4551 787 4620 6.
801 4545 949 4640 inquit:
988 4542 1063 4651 Qui
1082 4538 1531 4620 doramsacramentotum
1571 4540 1708 4640 penitus

198 4647 290 4731 lguari
311 4644 396 4721 sunt
416 4698 428 4735 ,
446 4698 449 4703 -
464 4644 516 4719 illi
543 4668 588 4718 ne
616 4644 786 4741 imagines
821 4646 967 4746 quidem
992 4663 1169 4736 cernunt,
1193 4646 1288 4743 quod
1312 4646 1482 4719 nimirum
1517 4644 1710 4723 salutarem

196 4734 300 4819 lirim
324 4746 562 4844 generationis
587 4745 819 4842 disciplinam·
839 4746 1081 4848 imprudenter
1104 4747 1290 4845 repudiant
1316 4774 1327 4835 ;
1363 4746 1576 4845 eloquiisque
1596 4743 1709 4831 ,sacris

147 4882 159 4915 ι
195 4845 319 4923 exitiosi
344 4845 483 4947 prorsus
507 4847 728 4947 obstrepunt:
756 4848 843 4923 Vias
868 4872 947 4925 tuas
967 4847 1056 4941 scire
1079 4851 1168 4925 nolo.
1195 4845 1388 4947 inquibus
1413 4842 1441 4918 st
1476 4871 1537 4941 pet
1571 4851 1710 4945 penints

197 4939 321 5041 maros
344 4952 460 5025 etiam
484 4953 632 5048 gentiles
659 4946 931 5049 significannar,
970 4950 1237 5048 intelligendum
1260 4951 1306 5024 de
1343 4946 1536 5048 gentilibus
1561 4948 1623 5048 qui
1642 4972 1710 5033 per

186 5042 447 5155 imprudentiam
485 5054 676 5155 repudiant
720 5050 886 5136 Ecclesrae
920 5050 1140 5152 disciplinam
1142 5107 1181 5232 ἐ
1182 5108 1185 5113 -
1206 5048 1488 5153 intelligendum·
1501 5049 1548 5126 de
1583 5050 1711 5166 iis-qui
1805 5092 1823 5103 -

1453 5176 1456 5181 ·
1589 5174 1660 5227 ext·
