3864 5686
800 316 1384 390 Onurnrrrouus

833 555 1345 636 ADNOTATIO.

369 770 489 865 Negat
514 764 615 856 liujus
639 759 914 839 Constitutionis
939 765 1126 838 veritatem
1152 761 1292 839 Douor
1316 756 1493 837 Corrasoo
1530 761 1606 848 (a)
1633 755 1863 838 panamensis

186 891 187 894 ’
319 874 495 960 Senator,
520 874 556 944 dr
591 864 761 963 Principis
796 865 1040 957 Schillacensrs
1065 864 1217 940 Peruani
1252 861 1416 960 Protegis
1441 856 1624 953 Affeffor,
1660 866 1721 962 qui
1748 889 1862 961 repre.

320 975 489 1053 henditur
528 972 549 1044 l
584 968 782 1043 Solorzano
816 969 914 1068 quod
947 966 1068 1068 supine
1093 968 1312 1065 ignoraverit
1347 984 1469 1044 extare
1494 965 1532 1039 in
1558 965 1663 1060 regiis
1697 968 1864 1064 archiviis

320 1075 557 1175 originalem.
584 1069 751 1147 Extiterit
777 1072 949 1170 quidem;
985 1067 1274 1168 quandoquidem
1310 1070 1346 1143 id
1372 1075 1469 1143 totus
1506 1063 1663 1145 affirmat
1697 1067 1864 1145 Solorza·

321 1204 409 1267 nus3
435 1174 494 1250 sed
519 1173 592 1264 jam
618 1197 694 1248 non
718 1194 840 1266 extat,
866 1198 954 1248 nam
979 1173 1017 1246 in
1042 1172 1105 1246 lite
1130 1175 1230 1272 super
1256 1169 1444 1247 Indiarum
1469 1168 1616 1247 decimis
1651 1169 1673 1246 a
1700 1191 1863 1270 tempore

322 1277 517 1371 Solorzani
536 1295 618 1349 orta
644 1275 735 1350 inter
760 1275 932 1351 Ecclesras
958 1281 994 1354 &
1019 1274 1256 1372 Religiones,
1291 1299 1367 1372 quae
1391 1272 1509 1368 Regio
1531 1270 1680 1348 Senatui
1706 1297 1768 1370 per
1801 1271 1864 1348 sar-
1912 1362 1928 1372 ,ρ

322 1385 444 1478 culum
470 1385 506 1457 ἃ
531 1380 626 1452 ultra
651 1379 836 1476 negotium
860 1375 1051 1468 facessivit,
1076 1375 1163 1476 saepe
1189 1375 1355 1475 requisita
1380 1399 1564 1473 nunquam
1589 1375 1627 1448 in
1650 1378 1864 1475 lucempro-

323 1487 399 1560 dire
427 1480 497 1558 visa
522 1480 592 1556 est.
811 1507 816 1515 ’

403 1584 495 1661 ,Sed
521 1607 586 1656 nec
612 1580 661 1657 est
686 1606 844 1676 nouum,
872 1599 934 1658 aut
960 1578 1118 1682 praesenti
1142 1579 1402 1658 Constitutioni
1421 1577 1616 1679 singulare,
1641 1581 1741 1680 quod
1765 1566 1786 1657 d
1807 1597 1866 1658 ta·

323 1687 469 1764 bulariis
495 1683 735 1781 disparuerit,
772 1686 858 1762 tram
884 1685 1190 1782 &disparuerunt
1217 1685 1286 1761 alia
1312 1710 1388 1760 nou
1412 1685 1560 1760 minoris
1595 1686 1773 1761 momenti
1798 1686 1867 1760 do·

324 1808 516 1879 cumenta,
542 1787 759 1862 nominatim
783 1786 1002 1862 Constitutio
1028 1787 1159 1862 Leonis
1186 1787 1232 1864 X.
1259 1787 1303 1861 de
1329 1786 1550 1879 Patronatu,
1576 1790 1612 1862 ὃ(
1638 1787 1709 1862 alia
1730 1787 1776 1861 de
1787 1786 1865 1884 qui·

322 1891 385 1966 bus
411 1885 597 1965 Hontalba
624 1885 720 1978 (b).
745 1888 801 1963 Ac
826 1893 870 1964 de
895 1887 1011 1964 nostra
1039 1890 1183 1986 quidem
1209 1889 1247 1962 in
1271 1909 1480 1963 memoratae
1505 1888 1576 1963 litis
1602 1886 1865 1986 compositione

183 2025 186 2029 ·
222 2001 235 2020 '
321 1991 416 2068 sada
444 2014 505 2089 per
530 1989 793 2074 Ferdinandum
820 1991 891 2065 Vl.
915 2013 976 2087 24.
1003 1990 1103 2065 Febr.
1128 2011 1238 2086 1750.
1263 1993 1404 2065 mentio
1429 1988 1505 2064 fieri
1530 1987 1660 2065 dicitur
1681 1992 1719 2063 in
1743 1991 1864 2065 omni-

320 2093 386 2170 bus
396 2089 634 2169 Ecclesrarum
658 2093 908 2167 eredlionibus.
934 2092 983 2167 Et
995 2090 1036 2166 fit
1063 2092 1205 2191 quidem
1216 2093 1253 2166 in
1265 2094 1343 2167 aliis
1367 2087 1597 2191 expressa,ut
1624 2091 1864 2168 inEredlione

324 2190 574 2272 Mexicanensr
602 2197 694 2285 (c),
720 2193 777 2269 ubi
803 2196 966 2271 dicitur:
1002 2191 1182 2270 Secundam
1216 2215 1380 2271 tenorem
1404 2191 1515 2268 Bullae
1548 2194 1764 2286 Alexandri,
1803 2217 1865 2293 per

323 2323 438 2398 quam
458 2295 613 2395 Regibus
638 2293 819 2394 Hispania
854 2296 923 2372 suit
958 2294 1049 2373 sada
1077 2296 1251 2371 concessio
1288 2297 1512 2372 decimarum.
1540 2294 1715 2373 Meminit
1750 2297 1866 2377 etiam

321 2398 664 2500 expresseSynodus
688 2398 957 2496 Guamangana
980 2399 1054 2489 (d)
1080 2397 1140 2472 sub
1165 2399 1222 2473 lll.
1248 2395 1420 2492 Castilla,
1446 2397 1506 2474 ubi
1530 2398 1662 2475 dicitur
1687 2420 1746 2497 per
1773 2397 1860 2474 Ale·

290 2522 294 2528 ·
321 2503 448 2580 xandri
478 2499 792 2596 constitutionem,
818 2498 927 2578 sedas
952 2498 1018 2576 esse
1044 2502 1200 2575 decimas
1224 2502 1270 2577 de
1294 2501 1404 2599 Regis
1430 2501 1650 2602 patrimonio
1672 2556 1684 2594 ,
1709 2505 1745 2577 ἀ
1769 2502 1865 2578 bona

324 2605 459 2706 regalia
486 2600 678 2678 devenisse.
706 2604 749 2678 ln
777 2605 856 2678 aliis
880 2602 1142 2690 Eredionibus,
1168 2623 1210 2679 ut
1235 2606 1274 2678 iu
1298 2601 1589 2696 Tucumanensi,
1615 2628 1689 2680 nou
1724 2600 1766 2677 fit
1802 2626 1866 2678 cx-

323 2705 434 2806 pressa
461 2705 711 2783 Alexandrinae
735 2704 1008 2781 Constitutionis
1032 2706 1172 2781 mentio
1197 2762 1209 2799 ,
1242 2702 1285 2780 fit
1311 2725 1433 2804 tamen
1458 2707 1630 2804 implicita
1655 2711 1693 2781 dr
1729 2705 1866 2780 virtua-

323 2813 386 2900 lis,
414 2827 587 2906 quatenus
612 2806 650 2879 in
678 2809 737 2881 illa
764 2808 911 2902 decimis
936 2833 1008 2883 non
1033 2805 1282 2884 sufficientibus
1310 2806 1481 2903 assignata
1516 2803 1565 2881 est
1590 2805 1644 2880 vel
1680 2806 1868 2900 integrata

324 2911 346 2986 ὲ
372 2911 471 3005 Rege
497 2910 560 2982 dos
587 2906 787 3001 Ecclesrae,
825 2906 1023 3007 consignari
1049 2907 1141 2998 jussis
1166 2933 1210 2982 ex
1234 2907 1358 2982 aerario
1383 2907 1582 3005 quingentis
1619 2903 1775 2979 millibus
1803 2930 1865 2980 au·

321 3036 475 3199 rporums
491 3010 820 3186 mbarupetinorum,
845 3007 978 3092 scilicet
1004 3012 1043 3086 in
1068 3011 1143 3087 vim
1177 3005 1429 3084 Alexandrina
1466 3005 1764 3100 Constitutionis,
1790 3029 1865 3105 qua

193 3192 197 3202 ,
320 3114 335 3195 i
373 3114 516 3231 'praecri
541 3113 630 3189 itur.
696 3136 697 3140 ¹
759 3120 761 3123 ’

642 3316 983 3400 Duuruu
1059 3254 1541 3396 uunncuus

428 3529 551 3605 Utrum
575 3524 704 3601 decime
727 3526 903 3602 'indiarum
929 3523 963 3599 in
988 3522 1137 3613 hodierno
1158 3520 1249 3612 flatu
1272 3520 1353 3596 baua
1368 3523 1440 3610 ſsnt
1464 3522 1689 3617 ecclosassica,
1715 3536 1761 3596 an

544 3694 548 3703 .
599 3639 602 3646 '
678 3627 835 3723 regalia?
859 3626 944 3702 Sive
965 3623 1185 3725 spiritualia,
1211 3653 1254 3699 aa
1279 3627 1506 3725 temporalia?

320 3826 570 4015 SUppono,
605 3853 703 3906 enno
737 3850 852 3929 1512.
880 3829 915 3925 8.
942 3829 1071 3908 Martii
1099 3831 1201 3908 inter
1237 3829 1500 3910 ferdinandum
1526 3834 1573 3911 V.
1611 3839 1648 3912 dr
1683 3828 1864 3927 Joannam

351 4011 366 4032 „
408 3935 480 4026 cius
506 3932 620 4033 filiam
645 3957 688 4009 ex
713 3958 784 4010 una
811 3954 911 4034 parte
921 3942 994 4031 s&
1019 3934 1071 4012 D.
1107 3935 1163 4011 Fr.
1189 3933 1361 4010 Garoiam
1398 3937 1444 4012 de
1468 3937 1608 4014 Padilla
1645 3932 1862 4034 Episcopum

323 4033 363 4112 S.
391 4036 578 4112 Dominici
604 4038 642 4112 in
666 4033 899 4135 Hispaniola,
926 4038 979 4115 D.
1007 4035 1152 4113 Petrum
1176 4037 1305 4112 Suarez
1331 4038 1545 4137 Episcopum
1570 4038 1872 4135 conceptionis,

323 4140 362 4210 dt
386 4137 447 4211 1).·
464 4136 688 4236 Alphonsum
714 4138 846 4214 Mauso
883 4139 1098 4239 Episcopum
1133 4141 1169 4214 S.
1195 4139 1342 4237 Joannis
1377 4143 1519 4217 exalia
1556 4138 1768 4214 transadam
1793 4135 1862 4214 esse

324 4238 640 4333 capitulationem,
667 4264 737 4336 qua
763 4254 887 4338 practer
913 4242 984 4316 alia
1008 4241 1158 4316 habetur
1185 4247 1273 4332 (e):
1311 4245 1387 4354 Q
1408 4241 1467 4337 sas
1493 4245 1634 4317 Alteras
1660 4245 1709 4317 les
1745 4242 1862 4315 hacen

325 4339 507 4414 donacion
533 4363 617 4437 para
643 4337 789 4438 srempre
814 4342 926 4432 jama‘u
949 4343 994 4418 de
1019 4343 1072 4419 los
1096 4343 1277 4427 dicimos,
1301 4367 1369 4440 que
1396 4346 1416 4416 a
1442 4343 1496 4418 sus
1533 4347 1675 4420 Altezas
1700 4364 1861 4442 pertene-

324 4463 415 4532 cen,
440 4439 461 4516 ὲ
487 4443 539 4515 los
563 4441 687 4516 dichos
711 4441 848 4542 obispos
873 4467 939 4543 por
964 4442 1013 4537 sr,
1041 4473 1064 4543 y
1089 4471 1153 4545 por
1177 4444 1233 4522 sus
1256 4441 1485 4539 successores,
1511 4472 1533 4541 y
1559 4471 1605 4520 en
1643 4445 1790 4522 nombre
1818 4445 1863 4520 de

323 4540 382 4617 sus
409 4541 551 4640 lglesias
576 4542 788 4638 y·Clerec'la
812 4564 1000 4644 prometen
1024 4547 1128 4623 desde
1162 4548 1275 4624 ahora
1299 4570 1366 4644 que
1402 4551 1601 4644 guaidaran
1627 4553 1664 4625 lo
1698 4545 1777 4622 suso
1803 4546 1859 4620 di·

325 4643 397 4722 cho
422 4652 552 4746 (rogat
577 4647 598 4720 d
623 4645 718 4722 Dios
743 4674 808 4747 por
832 4652 888 4727 los
911 4650 1018 4728 Reies
1043 4676 1066 4747 y
1090 4649 1145 4726 sus
1169 4650 1332 4740 Reinos)
1359 4675 1381 4746 y
1407 4653 1445 4725 lo
1471 4654 1635 4730 adelante
1669 4648 1859 4723 cantenido.

1700 4751 1830 4827 Hanc*

322 4874 1867 4908 mmm—W

323 4936 419 5005 ,.(a)
441 4940 586 5008 carralia,
607 4939 647 4998 ad
666 4941 740 5009 legas.
756 4930 879 5008 &copis
899 4944 969 5008 Cap.
982 4946 1071 5003 ula.
1153 4941 1209 5009 (c)
1228 4945 1321 5003 Erell.
1343 4946 1417 5005 Eccl.
1437 4949 1520 5003 Mex.
1540 4943 1619 5017 apud
1639 4942 1729 5004 llard·
1751 4943 1864 5002 aomar.

326 5030 404 5074 mm.
428 5035 472 5081 η.
492 5018 524 5071 V.
546 5018 600 5073 Pro
619 5017 772 5073 contraria.
1114 5020 1260 5079 Concilior.
1280 5025 1330 5081 col.
1354 5043 1435 5089 ¹747·

368 5089 429 5159 (b)
447 5093 608 5162 Hontalba,
627 5094 796 5154 nauminia
814 5098 839 5158 s.
856 5096 889 5154 V.
919 5094 991 5154 Vade
1000 5094 1069 5155 Ord.
1085 5103 1096 5224 p
1153 5096 1209 5167 (d)
1230 5102 1325 5172 Synod.
1345 5100 1381 5156 de
1400 5104 1586 5170 Garamam,
1607 5101 1678 5167 Cap.
1702 5103 1746 5155 ιε.

328 5160 394 5234 ⁵5⁸·
788 5216 793 5225 .
1150 5173 1203 5247 (e)
1225 5179 1317 5246 ΛΜ
1336 5181 1449 5256 mapa,
1469 5181 1786 5241 t.r.Del'atr.c.19..s
1801 5192 1862 5244 n...
