3864 5686
243 335 318 393 ato
668 306 1249 389 Onnrnarronss

193 475 328 552 1575.,
354 455 484 549 inqua
510 447 674 549 exposrto
699 476 759 549 per
783 447 1014 551 Praepositum
1038 450 1275 542 Generalcm,
1300 451 1445 549 propter
1470 445 1620 525 instituti
1658 444 1733 526 80⁴

190 558 328 631 cieratis
362 549 600 631 diversitatem
645 553 836 652 aliquando
861 554 1022 631 ,dubitari
1038 594 1041 599 ·
1059 555 1153 631 airca
1188 553 1338 627 modurn
1371 552 1493 626 utendi
1530 546 1732 647 privilegiis

193 658 345 731 aliorum
371 656 538 731 ordinum
567 656 587 729 ὲ
612 653 770 731 Summis
793 652 1024 733 Pontificibus
1046 653 1236 753 praesertim
1261 655 1283 727 d
1306 650 1375 728 Pio
1402 653 1447 726 V.
1483 654 1733 729 communica-

190 758 257 849 tis,
285 756 330 831 ad
342 755 621 836 submovendam
647 757 867 834 dubietatem
894 759 1057 833 concedit
1082 757 1300 853 Gregorius,
1326 775 1367 829 ut
1392 751 1733 850 Praeposrtus&So-

193 858 303 939 cletas
327 858 514 957 privilegiis
539 877 732 956 utcumque
772 859 935 936 concessis
971 860 1121 933 aliarum
1145 859 1360 955 religionum
1393 855 1607 945 ordinibus,
1646 878 1733 931 oonr

191 958 452 1058 gregationibus
478 1014 491 1054 ,
529 961 727 1059 capitulis,
760 961 857 1051 iuxta
881 960 1074 1036 Societatis
1094 956 1245 1033 instituti
1271 960 1473 1048 rationem,
1499 956 1586 1030 ritus
1610 1006 1624 1048 ,
1647 970 1733 1031 utu·-¹

192 1084 276 1154 rer,
296 1058 398 1151 usus,
434 1058 722 1153 constutudines,
746 1067 782 1140 de
813 1061 1023 1159 procedendi
1048 1059 1198 1134 modum
1222 1060 1275 1133 uti
1302 1057 1428 1154 possint
1453 1083 1464 1130 ε
1489 1058 1655 1155 quodque
1680 1076 1733 1133 ta*

192 1162 243 1234 lia
270 1163 452 1259 privilegia
479 1160 673 1259 Prapofit'o
696 1163 883 1240 Societatis
907 1158 1064 1238 contessa
1093 1162 1337 1258 intelligantur
1362 1157 1644 1255 eurnpotestate
1668 1158 1733 1234 illa

196 1263 508 1343 communicandi.
535 1263 585 1340 At
610 1266 721 1355 ritus,
747 1288 827 1338 mos
851 1317 863 1355 ,
890 1269 925 1340 δι
948 1262 1028 1337 usus
1051 1262 1241 1341 societatis
1264 1280 1363 1353 erat,
1390 1282 1431 1335 ut
1455 1257 1644 1336 officiis&
1664 1258 1733 1333 mi

191 1362 344 1444 nisteriis
370 1364 726 1445 addicerentursocii
751 1390 775 1443 a
799 1361 1052 1460 liperlordus,
1075 1367 1197 1439 nond
1224 1363 1409 1458 capitulis,
1434 1384 1499 1455 nec
1527 1363 1550 1433 a
1585 1380 1733 1458 congre·

196 1466 341 1561 gatione
366 1465 597 1562 provinciali.
1278 1516 1285 1527 .
1466 1460 1473 1469 ’

297 1563 437 1659 Quodsi
458 1567 618 1664 capituli
642 1563 830 1647 concursu
853 1580 881 1655 ,‘
901 1570 958 1645 rel
991 1562 1177 1642 consensio
1210 1562 1422 1640 necessarius
1456 1559 1499 1636 sit
1526 1613 1538 1651 ,
1566 1579 1627 1643 nt,
1646 1561 1733 1649 vult

192 1661 416 1757 Pelli'zzarim
442 1691 526 1741 cum
550 1667 662 1744 donis
686 1668 801 1743 abeo
827 1668 1020 1757 consultis;
1054 1663 1224 1744 satis-fiet
1260 1663 1299 1739 sr·
1323 1663 1556 1763 congregatio
1590 1658 1733 1760 provin

193 1769 297 1846 cialis·
318 1794 384 1866 pro
408 1767 586 1864 affignaiis
611 1771 648 1845 o<
684 1771 881 1847 nominatis
915 1771 952 1846 se
985 1768 1116 1846 habere
1152 1767 1342 1858 declaret,
1376 1788 1466 1863 quos
1499 1759 1733 1838 provincialis

195 1868 364 1965 Superior
392 1870 651 1961 nominaverit,
677 1891 717 1944 ut
742 1869 873 1949 docent
908 1870 1117 1948 Roderieitu
1139 1872 1243 1960 (a),
1265 1866 1425 1943 Sanchez
1460 1862 1549 1955 (b),
1583 1868 1627 1940 .&
1651 1860 1733 1939 Pel-

40 2054 55 2070 ,
194 1971 353 2047 lizaarius
376 1968 448 2067 ipse
474 1974 565 2060 (c).
591 1966 689 2067 Qua
714 1969 789 2047 hoe.
820 1974 965 2070 perinde
990 1968 1040 2045 etl
1074 1994 1117 2044 ac
1143 1967 1172 2043 sr
1196 1970 1237 2043 in
1259 1968 1421 2065 capitulo
1444 1967 1498 2039 vel
1532 1986 1733 2061 congrega·

194 2068 419 2151 tione'fieret
443 2069 668 2166 assignatio,
690 2076 728 2147 dt
763 2074 904 2148 daretur
941 2071 1112 2163 lieentia,
1146 2075 1184 2147 dt
1215 2068 1329 2169 reipsa
1369 2067 1417 2143 rbi
1442 2062 1647 2142 confertur.
1685 2062 1733 2139 ld

87 2207 91 2213 ·
195 2170 322 2268 probat
348 2171 560 2247 Rodericius
590 2188 780 2271 argumento
814 2197 972 2266 eorum,
1008 2193 1089 2270 qua·
1120 2171 1283 2268 quotidie
1316 2166 1497 2246 versantur
1532 2168 1569 2241 in
1608 2166 1733 2263 praxi,

196 2271 329 2349 scilicet
354 2276 500 2369 qraando
522 2273 689 2370 delegato
715 2273 950 2367 conceditur,
972 2291 1013 2350 ut
1038 2296 1130 2370 quos
1150 2272 1226 2371 ipse
1251 2276 1290 2348 in
1315 2272 1478 2368 prelatos
1502 2288 1564 2343 aur
1579 2267 1633 2343 in
1655 2291 1733 2367 pro·

195 2393 378 2451 curatores
402 2375 664 2466 nominaverit,
690 2372 763 2472 ipse
785 2375 952 2473 delegans
974 2373 1171 2471 Episcopus.
1186 2374 1241 2449 vel
1266 2371 1465 2447 ordinarius
1489 2391 1534 2446 ex
1549 2390 1657 2445 nuuc
1671 2392 1733 2467 pne

197 2494 289 2553 tunc·
309 2473 417 2551 habet
443 2501 510 2571 pro
532 2470 753 2567 nominatis,
779 2480 818 2552 dt
842 2476 912 2573 ipse
937 2476 1197 2552 eos‘mmirrar.

300 2574 465 2652 Dubium
488 2576 604 2651 etiam
626 2577 764 2651 videtur
788 2573 888 2653 fuisse
924 2578 973 2651 de
1002 2572 1242 2651 Framiscanis
1263 2627 1278 2666 ,
1301 2598 1379 2651 non
1399 2573 1542 2649 ratione
1576 2569 1732 2668 affigna-

198 2676 306 2751 tionis
332 2697 397 2749 nec
425 2677 566 2750 ratione
591 2679 748 2751 muneris
770 2676 1001 2773 parochialia,
1028 2678 1125 2773 quod
1149 2675 1242 2750 nihii
1265 2676 1374 2751 iubet
1400 2675 1554 2751 alienum
1579 2670 1625 2745 ab
1664 2668 1733 2746 Or·

198 2777 282 2851 dine
307 2773 504 2868 Serapiueo
525 2774 634 2849 saluti
658 2777 860 2852 animarum
886 2803 972 2853 cum
995 2779 1116 2877 primis
1139 2779 1309 2869 irttento,
1330 2775 1390 2851 sed
1415 2775 1556 2849 ratione
1575 2770 1733 2866 synodi,

201 2896 240 2953 ut
267 2895 427 2966 vocant,
453 2899 533 2975 quar
563 2874 696 2974 species
729 2879 892 2976 quamam
916 2877 966 2954 est
1000 2879 1157 2954 redditus
1194 2876 1385 2954 Minonun
1417 2877 1463 2953 de
1493 2871 1733 2963 Obseruantia

83 2982 86 2987 ’
199 2976 398 3073 paupertati
424 2999 641 3073 repugnans.
668 2976 740 3053 Sed
763 2977 846 3074 Jute
872 2979 1008 3059 Indico¹
1027 2982 1100 3071 (d)
1125 2980 1355 3072 declaratur,
1379 2977 1555 3074 synodum
1577 2971 1733 3073 praestari

199 3077 272 3161 eius
286 3072 713 3250 sOrdinisdoslrinariis,
736 3102 814 3157 non.
837 3104 899 3180 per
922 3081 1078 3158 modun-
1100 3080 1279 3173 redditus,
1307 3079 1367 3156 sed
1392 3103 1452 3179 per
1477 3075 1633 3155 modum
1667 3076 1733 3151 elo

201 3200 283 3253 erno
300 3200 402 3272 ynae.
455 3200 458 3207 ·
1610 3254 1613 3258 ,
1716 3244 1720 3249 .

304 3278 373 3357 sed
397 3303 473 3379 quo
493 3282 641 3357 nornine
675 3283 897 3380 praestabanrr
933 3285 1156 3363 dositinatiis
1180 3284 1396 3377 Societatis,
1428 3279 1552 3381 eptnbm
1577 3276 1733 3377 prohibi⁴

204 3397 282 3461 nm
306 3400 382 3455 etat
423 3385 494 3470 (a.)
525 3385 716 3465 admittere
747 3384 961 3485 stipendium
1001 3389 1056 3462 vel
1092 3384 1353 3482 eleemosynam
1389 3387 1427 3458 in
1463 3382 1733 3458 ministerionvn

202 3481 557 3578 mmpensitiooemi·
583 3484 785 3583 Respondet
818 3486 859 3563 P.
885 3487 1045 3565 Sanchez
1072 3487 1161 3582 (f),
1198 3514 1265 3563 nou
1294 3488 1448 3562 interdici
1484 3489 1527 3560 in
1558 3483 1733 3561 Societatt

201 3578 449 3675 eleemosynas·
468 3588 623 3684 recipere
646 3605 814 3685 erogatas
846 3589 1039 3667 liberaliter
1064 3597 1103 3668 &.
1133 3613 1176 3664 ert
1214 3590 1456 3687 gratitudine,
1493 3586 1659 3687 quamvis
1683 3606 1733 3659 eu

205 3705 287 3759 nnn
305 3705 490 3781 erogarent
514 3684 634 3761 fideles
658 3684 855 3786 spiritualia
879 3714 958 3767 non
978 3692 1184 3791 recipientes
1209 3745 1224 3784 ,
1245 3692 1328 3788 quia
1355 3716 1437 3767 cnm
1464 3691 1553 3764 tales
1586 3690 1733 3763 eleemo

204 3779 302 3887 synar·
321 3806 364 3859 cx
389 3789 488 3861 nullo
514 3789 607 3865 inito
629 3792 760 3893 padio,
784 3793 952 3890 nullaque
987 3792 1206 3891 obligatione
1228 3845 1244 3885 ,
1264 3791 1324 3868 sed
1348 3819 1390 3868 ex
1418 3816 1516 3867 mera
1553 3786 1733 3887 gratitudi

205 3908 257 3961 m
274 3885 546 3965 &liberalitate
583 3889 849 3985 conserantur,
880 3895 1022 3970 nullam
1053 3894 1187 3972 habent
1221 3895 1401 3971 rationem
1436 3918 1519 3968 com
1544 3889 1733 3967 ensatiuni

202 3988 261 4061 vel·
285 3985 449 4086 stipendii·
472 4014 537 4086 pro
561 3990 803 4089 spiritualibus
824 3999 999 4094 receptis,
1016 3999 1064 4075 Et
1100 3993 1145 4072 fic
1179 3994 1329 4071 habetur
1363 4005 1399 4074 6.
1425 3992 1465 4070 P·.
1618 3989 1733 4069 itutio

203 4111 319 4180 num,
340 4114 422 4186 cap,
447 4115 504 4182 2.,
531 4097 569 4167 de
591 4117 715 4191 capr.
745 4094 881 4173 Eram..
905 4098 955 4173 Τ.
981 4119 1039 4198 3.,
1064 4096 1126 4173 ubi
1150 4095 1232 4171 solae
1256 4097 1488 4192 eleemosyna.
1521 4094 1733 4171 interdicat

208 4205 297 4283 nn„
315 4213 397 4285 quae
417 4192 459 4265 in
481 4196 813 4288 compensationem
834 4203 869 4274 dr
893 4197 1110 4298 stipendium
1131 4201 1298 4289 duntur.¹
1378 4244 1384 4265 -
1727 4236 1731 4243 ·

310 4287 514 4408 Respondet
541 4291 622 4410 ibid.
648 4319 750 4371 num.
777 4316 837 4396 3.,
863 4325 926 4374 nvn
946 4302 1101 4378 interdici
1123 4304 1278 4400 recipere
1302 4301 1435 4401 aliquid
1460 4322 1505 4376 ex
1540 4302 1647 4400 paeto
1683 4326 1728 4401 pr

205 4393 364 4469 modis
395 4388 591 4470 necessarus
632 4398 681 4472 ad
712 4402 873 4477 eundum
893 4401 1015 4502 aliqui>
1040 4400 1144 4480 causa
1177 4404 1361 4479 exercendi
1407 4399 1603 4481 ministeria
1633 4457 1647 4495 ,
1694 4428 1733 4481 ve

201 4516 269 4613 pro
294 4489 547 4615 sustentatione
569 4496 844 4596 ministrorum,
872 4504 954 4601 quia
981 4507 1070 4587 tales
1093 4504 1248 4603 expensa
1272 4531 1349 4581 non
1375 4527 1542 4605 petuntur
1567 4507 1733 4606 prorem

206 4593 286 4694 ipsu.
307 4595 565 4699 spiritualibus,
589 4599 651 4677 sed
674 4628 742 4701 pro
762 4604 946 4704 requisitis
966 4607 1012 4684 ad
1031 4604 1254 4705 spiritualia.
1287 4607 1357 4685 Sed
1393 4610 1468 4685 hate
1502 4607 1657 4687 secunda
1684 4612 1733 4689 res

997 4770 1000 4775 .
1150 4724 1154 4729 '
1574 4709 1713 4809 ponfio

228 4824 1676 4859 mss-Q-——m--m
1685 4839 1733 4861 η

247 4951 485 5028 (bimaita.
505 4962 549 5018 De
567 4956 740 5017 Marrimd.
764 4972 820 5027 ιω
833 4979 908 5018 rrum.
931 4985 964 5028 4..

1044 4962 1099 5035 (ε)
1120 4967 1154 5024 Ρ.
1177 4978 1205 5022 r.
1226 4969 1312 5036 Consi.
1332 4968 1402 5032 cap.
1427 4987 1452 5020 ι.

248 5028 305 5105 (⁰)
327 5033 441 5095 Feiim
459 5038 509 5097 lu.
528 5033 580 5101 rit.
629 5096 634 5105 ι

896 5102 900 5109 ¹
985 5090 989 5095 .
1041 5040 1093 5111 (s)
1113 5042 1733 5120 rachaadi-ruma-,capartorem

244 4875 617 4963 (antirrinffisisi.
639 4899 667 4952 q·
693 4903 738 4949 35·
760 4897 821 4939 art·
843 4904 870 4957 3.
976 4885 990 5013 Ι
1043 4885 1185 4962 (ἁλίῳ
1209 4891 1322 4954 25·tr't·
1347 4888 1697 4955 15.lib.1..llec.‚lnd.

973 5021 985 5099 l
