3856 5678
143 352 148 362 ‘
242 344 320 425 308
405 371 413 391 ι
666 339 1246 421 Οιιυίιιιιτιοιιιιι

190 489 227 566 se
252 483 425 563 intvielsen
448 479 692 576 descubierto,
731 512 754 580 y
789 504 892 561 tanto
917 507 1067 560 numero
1091 485 1136 559 de
1160 503 1280 583 gentes
1315 480 1350 559 se
1385 479 1560 560 huvietsen
1595 485 1722 562 vuelto

193 588 377 666 anuellra
412 584 513 662 santa
548 583 620 680 fd,
656 611 679 682 y
704 582 840 662 mando
874 586 981 662 hacer
1018 587 1249 684 procelltones
1271 641 1283 681 ‚
1308 613 1331 681 y
1355 612 1423 685 que
1449 587 1553 661 todos
1587 585 1721 664 diellen

189 693 324 792 gracias
349 692 371 764 d
397 690 491 765 Dios
517 714 580 787 por
605 688 697 780 ello,
733 715 756 782 y
780 690 865 763 diuo
889 711 956 786 que
988 685 1117 764 Cortes
1143 716 1165 783 y
1193 690 1296 764 todos
1321 687 1359 764 su
1397 687 1559 763 soldados
1594 690 1720 765 havia-

190 819 269 872 mos
294 791 408 868 hecho
433 792 583 888 grandes
607 786 769 865 servicios
794 790 815 863 ai
841 790 955 882 Dios,
982 815 1004 884 y
1030 793 1064 866 al
1089 791 1330 889 Empcrador,
1356 818 1378 885 y
1404 815 1425 864 a
1452 790 1538 864 toda
1565 792 1598 867 la
1623 790 1717 867 chti-

190 894 373 986 ssiandad,
400 918 423 987 y
446 916 514 991 que
538 915 678 967 etamos
701 894 827 991 dignos
851 893 896 967 de
919 893 1067 990 grandes
1091 894 1290 985 mercedes,
1316 919 1340 988 y
1365 911 1533 968 entonces
1557 917 1621 968 nos
1640 917 1719 966 em·

30 1023 33 1028 ·
189 998 250 1073 bio
272 996 371 1072 bulas
397 1018 482 1092 para
509 1018 573 1069 nos
599 990 753 1070 absolvet
778 993 799 1066 a
825 996 927 1090 culpa
954 1018 976 1087 y
1002 1017 1091 1091 pena
1116 997 1161 1069 de
1186 995 1291 1069 todos
1318 992 1474 1069 nuesttos
1508 995 1720 1092 peccados‚

190 1098 334 1175 bottas
360 1095 604 1193 indulgencias
631 1121 714 1193 para
740 1097 793 1169 los
817 1093 1006 1192 hospitales
1032 1097 1052 1171 ὲ
1079 1093 1213 1192 iglestas
1238 1120 1307 1172 con
1343 1097 1491 1195 grandes
1528 1097 1727 1194 perdones,

190 1225 215 1295 y
239 1199 301 1273 dio
325 1222 390 1297 por
414 1198 489 1272 mui
515 1196 632 1270 bueno
659 1196 745 1271 todo
781 1197 819 1270 lo
844 1221 910 1294 que
935 1195 1064 1272 Cortes
1088 1196 1196 1272 havia
1220 1197 1337 1273 hecho
1361 1222 1407 1274 en
1443 1199 1479 1272 la
1505 1196 1630 1275 Nueva
1657 1192 1726 1272 Es-

192 1307 311 1398 pafia‚
337 1297 444 1395 segun
470 1324 493 1394 y
519 1321 626 1374 como
651 1298 689 1373 su
716 1296 907 1374 antecessor
932 1300 966 1373 el
989 1295 1087 1396 Papa
1112 1299 1298 1374 Adriano.

434 1530 441 1546 ·
548 1497 1136 1578 onn1rtntto
1211 1465 1426 1578 xttxp

726 1751 731 1766 .
833 1658 1081 1803 Annot533.

281 1908 432 1986 Lemens
457 1905 542 1981 VII.
579 1901 696 1982 denub
730 1905 895 1982 concellit
920 1907 1017 1983 Novi
1041 1905 1148 1983 Orbis
1172 1905 1425 1983 Dominicanis
1449 1908 1497 1982 δι’
1518 1903 1724 1983 Francisca·

306 2014 359 2084 nis
384 2015 452 2098 (1)
480 2010 610 2106 gratias
636 2032 758 2082 omnes
783 2015 819 2085 bt
844 2005 981 2083 favores
1007 2009 1050 2083 ab
1075 2007 1342 2084 antecessoribus
1366 2004 1524 2082 concella
1549 2063 1558 2081 .
1587 2008 1724 2085 Extare

189 2113 323 2186 dicitur
348 2112 387 2188 in
413 2128 588 2185 conventu
613 2107 890 2183 Praedicatorum
927 2109 1121 2183 Mexicano
1145 2165 1153 2181 .
1179 2111 1250 2186 Sed
1275 2129 1373 2184 extat
1402 2111 1548 2185 verbalis
1582 2103 1725 2184 conces·

190 2209 299 2287 lionis
326 2212 601 2301 testimonium,
641 2234 687 2284 an
723 2210 845 2284 bulla?
882 2209 1053 2285 Meminit
1079 2211 1180 2303 hujus
1215 2212 1451 2286 ordinationis
1484 2211 1539 2286 Fr.
1565 2208 1723 2308 Joannes

191 2311 351 2411 Baptista
391 2315 427 2386 in
464 2310 690 2408 Compendio
725 2313 990 2409 privilegiorum
1025 2312 1149 2388 oblato
1183 2313 1203 2387 a
1240 2311 1474 2408 Regulatibus
1520 2310 1723 2386 Mcxicanis

190 2415 329 2510 synodo
355 2415 448 2490 illius
474 2413 659 2511 provinciae
685 2437 779 2488 anno
810 2413 916 2516 1585.
943 2413 1127 2489 celebratae
1151 2467 1160 2486 .
1187 2413 1357 2489 Meminit
1393 2415 1502 2487 etiam
1535 2411 1574 2487 P.
1602 2412 1721 2506 Aycta

190 2516 239 2593 in'
255 2514 374 2613 Opere
400 2512 565 2611 inscripto
601 2511 771 2605 Chrisoly
805 2512 945 2607 Defensa
970 2516 1065 2588 dela
1091 2514 1241 2607 verdad,
1277 2514 1471 2591 Contteras
1506 2515 1543 2588 iu
1580 2510 1722 2591 Libello

191 2617 336 2716 supplici
363 2615 644 2715 Philippinartun
679 2617 770 2713 apud
807 2612 998 2689 lolladam
1025 2618 1061 2691 in
1098 2618 1158 2691 cit.
1185 2615 1452 2714 Chronologia.
1492 2616 1629 2692 Eodem
1657 2639 1720 2688 an·

190 2743 241 2792 no
272 2737 383 2815 1533.
413 2740 470 2790 11.
496 2712 566 2810 Jul.
592 2715 678 2790 data
703 2714 754 2790 est
778 2713 997 2794 Constitutio
1022 2718 1067 2792 de
1090 2742 1159 2816 qua
1186 2716 1277 2794 infra
1315 2737 1547 2809 annot712.
1587 2741 1621 2792 2.
1648 2713 1722 2809 Jul.

190 2816 362 2894 ordinat.
388 2814 475 2913 481.
504 2815 641 2890 Adnot.
670 2838 704 2890 2.

619 3021 1293 3100 ADNOTATIONES.

242 3224 312 3313 (t)
337 3218 451 3299 Danai
475 3222 635 3315 conceffit.
662 3220 866 3319 Dupliciter
899 3221 940 3299 fit
976 3225 1240 3322 privilegiorum
1275 3221 1502 3301 confirmatio
1540 3221 1599 3297 seu
1624 3241 1719 3295 nova

191 3322 387 3400 conceffio:
414 3321 594 3398 informa
620 3325 828 3416 communi,
865 3323 1107 3402 &informa
1143 3324 1315 3423 speciali.
1342 3323 1464 3399 Primo
1501 3324 1613 3398 modo
1640 3318 1720 3412 fit,

193 3426 335 3523 quando
361 3448 421 3521 pet
446 3447 654 3498 communes
677 3425 849 3501 clausulas
875 3423 993 3500 denub
1018 3427 1147 3500 dicitur
1173 3426 1345 3518 concedi,
1373 3426 1559 3516 innovari,
1587 3424 1641 3498 vel
1666 3445 1721 3495 re·

192 3526 318 3599 novari
343 3525 597 3620 privilegium,
632 3548 708 3599 non
741 3522 894 3625 exprella
920 3526 1089 3623 privilegii
1116 3524 1309 3623 qualitate.
1348 3527 1405 3602 Fit
1433 3529 1467 3601 in
1501 3524 1621 3600 forma
1645 3521 1719 3620 spe·

192 3625 299 3717 ciali,
326 3625 467 3722 quando
493 3625 694 3701 confirmati
722 3628 893 3727 privilegii
920 3648 1022 3702 tenor
1048 3629 1174 3701 litteris
1198 3625 1484 3702 confirmationis
1517 3625 1681 3702 inseritur
1710 3675 1723 3716 ‚

193 3728 249 3799 vel
276 3727 349 3800 alio
385 3751 605 3826 quocumque
631 3727 744 3802 modo
762 3746 766 3795 ι
782 3727 925 3803 testatur
950 3725 1188 3825 confirmans,
1225 3731 1280 3804 vel
1306 3727 1481 3828 fignificat
1516 3726 1552 3802 se
1576 3730 1722 3828 plenam

192 3826 320 3901 habere
355 3829 525 3903 notitiam
561 3829 606 3903 de
640 3829 808 3928 privilegii
845 3832 1042 3928 qualitate,
1069 3848 1225 3924 tenore,
1253 3836 1289 3909 δι
1325 3829 1440 3921 statu,
1465 3829 1561 3927 quod
1591 3825 1722 3903 confir·

191 3953 292 4004 mate
319 3931 544 4027 aggreditur.

293 4025 483 4125 Qtoclrcro
509 4028 645 4106 usitata
670 4028 832 4108 clausulae
857 4037 913 4106 Ex
937 4048 1030 4106 certa
1048 4028 1215 4126 scientia,
1241 4038 1339 4108 Motu
1361 4033 1511 4130 proprio,
1544 4036 1597 4106 De
1621 4028 1722 4128 pleni·

190 4130 302 4207 tudine
321 4131 509 4228 patellarii,
546 4156 621 4204 non
647 4133 743 4205 illico
770 4130 944 4208 informa
970 4131 1144 4231 speciali,
1170 4158 1239 4229 qua
1266 4132 1407 4209 infirma
1441 4133 1681 4209 retalidantut
1707 4185 1721 4228 ,

39 4317 44 4328 ‚
193 4232 407 4308 constituant
432 4227 769 4324 confirmationem,
795 4233 921 4327 probat
946 4229 1101 4324 fastum
1127 4257 1211 4309 cum
1235 4237 1333 4309 enim
1358 4230 1611 4326 franciscani,
1637 4255 1721 4330 pro·

188 4331 375 4431 posuissent
407 4331 503 4427 Julio
539 4329 590 4404 11.
624 4314 867 4427 eitplicandam
903 4333 1069 4424 bullam,
1105 4333 1143 4408 in
1175 4359 1244 4433 qua
1277 4335 1397 4409 Sixtus
1432 4333 1496 4408 lv.
1534 4340 1591 4409 Ex
1628 4354 1723 4410 creta

185 4431 350 4528 scientia,
376 4461 418 4506 ex
444 4457 538 4504 mera
562 4434 759 4543 voluntape,
786 4451 878 4509 motu
898 4436 1029 4534 proprio
1054 4488 1065 4525 ,
1088 4459 1147 4531 pro
1168 4436 1290 4532 potiori
1327 4432 1456 4509 cautela*
1488 4431 1723 4512 innovarese

187 4535 302 4624 dicit,
329 4556 369 4609 ac
395 4530 515 4607 denub
541 4533 735 4639 concedere
770 4533 899 4610 Ordini
926 4537 1051 4612 onmia
1088 4536 1300 4632 privilegia,
1336 4535 1630 4636 quafiiffenrque,
1665 4559 1715 4612 an

189 4658 251 4730 per
276 4634 338 4707 illa
373 4632 475 4707 verba
511 4630 773 4710 restituerenntr
809 4658 998 4727 revocata,
1023 4637 1164 4732 negavit
1189 4634 1301 4731 Julius
1336 4639 1375 4712 in
1399 4637 1520 4714 Const.
1557 4639 1721 4712 Militan-

189 4734 259 4826 tir,
283 4757 393 4833 quam
429 4733 510 4812 vide
537 4738 629 4831 apud
664 4737 898 4812 Rodericium
924 4759 1013 4812 tom.
1054 4759 1087 4810 1.
1114 4734 1293 4812 Bullarii.
1329 4738 1428 4836 Ergo
1453 4764 1515 4839 pet
1540 4736 1719 4815 clausulas

164 4834 268 4908 'illas
293 4839 329 4911 dc
355 4833 482 4909 similes
508 4859 581 4911 non
607 4835 865 4913 confirmantur
891 4838 1071 4936 privilegia
1097 4839 1134 4913 in
1158 4834 1277 4916 forma
1302 4837 1466 4936 speciali,
1504 4864 1590 4919 nam
1626 4842 1714 4916 dum

190 4933 259 5009 bac
296 4932 412 5013 forma
445 4933 488 5012 fit
521 4933 781 5031 confirmatio,
818 4940 1042 5018 conununior
1067 4934 1252 5024 ‘sententia
1288 4940 1369 5035 est,
1402 4944 1513 5022 etiam
1556 4941 1715 5020 invalida

190 5037 429 5117 convalidari·
764 5037 769 5048 ‘

1620 5143 1671 5237 Et
