3856 5678
238 345 324 422 ²⁰4
518 410 522 417 ¹
672 319 1251 403 Onnirt'ntioues

299 462 355 539 Ex
379 486 451 562 quo
475 481 596 560 patet,
622 487 695 539 tion
731 465 868 541 obstare
901 467 1089 564 quominus
1126 462 1315 552 jurisdictio
1351 465 1490 541 dicatur
1513 461 1730 557 ordinaria,

195 567 292 664 qnod
317 589 379 662 per
405 567 625 662 privilegium
651 570 851 663 praeteritis
876 593 1089 660 commune,
1117 566 1176 640 scu
1200 591 1262 665 per
1295 566 1481 665 specialem
1514 564 1730 639 sanc'iioncm

189 665 363 765 Principis
395 663 621 744 conseratur.
648 663 757 763 Qrod
790 668 905 745 solum
941 669 1075 745 obstare
1110 689 1281 766 poterat,
1318 669 1505 768 quominus
1538 666 1730 755 jurisdiffio

194 767 430 846 Pialaiorum
455 765 715 847 Brasilicnsium
739 776 776 848 δι
802 769 968 847 similium
991 773 1137 847 dicatur
1161 776 1199 847 dc
1223 767 1266 843 sit
1293 771 1497 846 ordinaria.
1525 767 1587 844 De
1626 787 1730 843 coetc·

193 892 236 946 ιο
262 872 360 969 quod
400 872 552 948 nominc
594 872 766 948 ordinarii
803 871 900 972 quasi
924 871 1135 949 substantivi
1171 874 1305 970 accepti
1340 898 1416 946 non
1439 870 1572 970 semper
1608 870 1730 951 veniat

185 968 1113 1155 arleti,eneiitailaiaitlli
1131 969 1730 1152 trististristis?

191 1172 255 1253 bat
280 1100 445 1271 Didae:
461 1178 518 1262 uel
540 1198 585 1252 eit
607 1101 859 1254 (declaratione
886 1180 1001 1277 aliqua
1011 1132 1034 1273 ἰ
1049 1104 1148 1278 pvatet
1171 1202 1216 1253 ex
1251 1102 1463 1254 rbloluiione
1487 1175 1523 1249 S.
1544 1096 1723 1252 ’Riruudi

191 1276 518 1377 congregationis,
543 1302 653 1377 quam
678 1276 784 1353 refert
807 1277 984 1355 Catalieri
1010 1286 1110 1370 (alt
1135 1280 1351 1379 Regularium
1371 1277 1562 1374 superiores
1580 1298 1729 1351 nonve·

192 1380 298 1457 niunt
332 1378 480 1455 nominc
499 1379 783 1455 ordinariorum:
811 1378 1110 1481 &consequenter
1135 1406 1209 1473 non
1222 1379 1360 1477 poss‘unt
1387 1379 1557 1475 assignare
1570 1379 1730 1477 aliquam

200 1504 245 1558 cx
270 1480 460 1558 dominicis
485 1480 696 1557 Novembris
720 1506 786 1580 pio
811 1484 1022 1560 recitatione
1046 1481 1156 1558 officii
1181 1486 1219 1556 de
1243 1482 1431 1556 Patrocinio
1456 1485 1496 1552 B.
1522 1485 1576 1553 M.
1603 1484 1646 1563 V.
1663 1536 1685 1565 .,

246 1584 328 1672 (tt)
353 1582 514 1683 Bigamiae
537 1586 711 1670 occasune.
738 1581 926 1683 Privilcgia
951 1581 1171 1682 dispensandi
1208 1586 1245 1657 in
1282 1584 1540 1683 irregularitate
1574 1601 1727 1679 excepta

192 1685 371 1784 bigamia,
390 1681 472 1779 sunt
497 1682 707 1796 intelligenda
727 1682 856 1779 solunt,
883 1686 998 1786 inquit
1023 1686 1231 1763 Rodericius
1255 1685 1351 1778 (b),
1377 1688 1419 1759 de
1455 1682 1612 1780 bigamia
1647 1706 1730 1757 uera

196 1790 233 1869 bt
259 1787 523 1883 interpretativa
551 1787 704 1881 relpedu
728 1786 896 1862 ordininn
921 1787 1122 1878 l‘acronim,
1149 1786 1253 1879 idest,
1289 1787 1432 1885 quando
1454 1786 1532 1882 quis
1567 1781 1730 1875 habuit,

191 1893 229 1968 dt
255 1886 422 1983 cognovit
448 1889 535 1963 duas
561 1911 709 1980 uxores,
736 1889 791 1963 vel
816 1889 853 1964 in
877 1912 1026 1964 uxorem
1051 1888 1150 1963 duxit
1163 1888 1330 1980 viduam,
1358 1891 1414 1962 vel
1439 1886 1482 1958 ab
1496 1887 1730 1983 aliocorrup-

197 2009 295 2067 tam.
321 1986 418 2064 Cum
443 1988 479 2063 bi
506 2014 589 2063 amo
615 1987 922 2081 similiu'idinario,
949 2014 1032 2065 cuin
1056 1992 1202 2065 clericus
1227 1989 1263 2063 in
1288 1987 1392 2065 sacris
1418 1983 1651 2077 constitutus,
1668 1990 1727 2063 vd

195 2088 376 2187 religiosus
400 2013 567 2188 proditus
603 2090 783 2169 contrahit
807 2092 1102 2185 matrimonium,
1127 2090 1366 2189 &cognoscit
1392 2112 1574 2179 uxorein,
1611 2086 1730 2187 intpait

194 2190 427 2271 Hieronimus
451 2190 652 2289 Rodriguez
677 2198 772 2283 (c),
796 2193 907 2267 ctiam
933 2194 978 2266 nd
1002 2188 1117 2268 sacros
1143 2190 1303 2284 ordines,
1329 2197 1365 2269 dc
1389 2215 1472 2266 cum
1497 2189 1588 2263 veris
1614 2190 1652 2266 dt
1677 2188 1730 2263 in·

196 2292 603 2469 terpretptsiiissbigamis
628 2294 674 2369 ad
698 2294 839 2372 ordinet
862 2296 1041 2389 minores,
1067 2292 1201 2394 optime
1226 2290 1321 2393 posse
1345 2319 1404 2393 per
1428 2289 1601 2383 ejusmodi
1626 2290 1730 2389 priui-

197 2397 290 2472 leia
343 2398 435 2494 ipen
452 2396 524 2472 ari.

231 2419 255 2497 g
295 2496 463 2596 Loquens
487 2498 533 2573 dc
556 2497 732 2597 Episcopo
756 2502 873 2577 eidem
898 2498 1078 2577 sententiar
1104 2519 1272 2601 tanquam
1300 2499 1522 2597 probabiliori
1562 2493 1729 2572 adliaeret

190 2598 349 2678 Sanchez
374 2601 466 2692 (d),
493 2623 619 2699 nempe
643 2600 837 2701 dispensare
862 2603 956 2701 polse
981 2628 1063 2677 cum
1087 2606 1185 2678 omni
1213 2603 1361 2700 bigamo
1386 2602 1431 2675 ad
1444 2599 1585 2674 ordines
1611 2597 1730 2673 mino-

190 2724 271 2791 res,
295 2725 380 2776 cum
406 2701 693 2777 similitudinario
727 2704 839 2777 ctiam
875 2706 921 2779 ad
947 2704 1083 2796 sacros,
1110 2704 1297 2801 praesertim
1325 2701 1351 2776 li
1386 2702 1552 2778 delictum
1593 2694 1639 2775 fit
1666 2717 1730 2775 on·

189 2800 348 2877 cttltum.
377 2801 436 2881 Ad
462 2800 754 2877 subdiaconatum
787 2804 946 2881 absolute
970 2827 1077 2901 negat
1104 2803 1195 2901 posse
1233 2804 1403 2903 potestate
1428 2801 1611 2879 ordinaria
1648 2796 1723 2875 dis·

235 2900 335 2979 nsare
358 2927 442 2976 cum
467 2928 551 2977 vero
575 2910 611 2982 bt
635 2930 717 2979 cum
743 2907 1008 3005 interpretativo
1033 2910 1196 3004 bigamo.
1226 2907 1338 2983 Addit
1366 2927 1487 2980 tamen
1511 2931 1521 2976 ε
1558 2901 1611 2975 At
1639 2898 1730 3000 pos-

188 2924 676 3123 scedispensaresspiscopum
700 3031 745 3082 cit
772 3009 880 3083 tacita
906 3007 1126 3127 concessione
1157 3006 1361 3125 Pontificis,
1385 3009 1473 3082 dum
1508 3006 1632 3103 ingens
1671 3000 1730 3081 eil:

189 3104 615 3307 llllliffll‘l‘lll
635 3134 760 3287 'iiiiii
773 3107 1090 3312 fissilibus
1105 3106 1730 3309 ,filliissllgi'emm‘gglssliissffiss

188 3306 236 3389 ob
259 3336 369 3411 quam
394 3312 431 3385 in
456 3309 561 3386 simili
584 3310 788 3388 necessitate
812 3315 1036 3407 probabimus
1063 3315 1145 3401 (lib
1175 3337 1209 3387 2.
1236 3313 1272 3387 d.
1299 3320 1409 3409 40.),
1435 3308 1529 3409 posse
1567 3307 1730 3407 Episco-

189 3437 275 3513 pum
300 3415 337 3487 in
362 3415 438 3511 lege
461 3412 617 3489 Concilii
653 3413 839 3488 Generalis
864 3417 916 3490 vel
943 3412 1124 3490 Poiirificis
1148 3412 1365 3510 dispensare.
1401 3412 1474 3488 Sed
1498 3435 1574 3486 non
1610 3410 1729 3487 video

189 3536 252 3589 cur
277 3513 352 3589 lucc
375 3509 526 3589 sacultas
551 3512 594 3590 sit
621 3514 667 3592 ad
705 3512 996 3592 subdiaconatum
1030 3515 1290 3613 restringenda;
1317 3514 1376 3589 sed
1402 3516 1534 3612 poterit
1558 3512 1600 3585 in
1639 3536 1727 3587 om·

188 3613 289 3689 nibus
312 3613 417 3690 sacris
452 3616 632 3691 ordinibus
667 3612 884 3712 dispensare,
910 3620 993 3716 quia
1029 3619 1155 3694 eadem
1181 3616 1389 3693 necessitatis
1427 3614 1521 3691 ratio
1556 3612 1717 3691 militat.

190 3712 273 3791 Iino
298 3714 491 3792 necessitati
517 3714 674 3793 fidelium
700 3716 747 3791 ob
770 3717 1012 3795 ministronim
1038 3723 1221 3818 penuriam
1255 3722 1456 3793 nullatenus
1480 3714 1719 3809 consulitur,

186 3815 254 3893 nisi
280 3816 466 3919 Episcopus
492 3816 800 3895 ad'sacerdotium
824 3804 1016 3920 dispenset,
1050 3823 1132 3921 quia
1158 3820 1222 3896 soli
1260 3817 1456 3895 sacerdotes
1488 3815 1631 3917 poliunt
1666 3814 1719 3892 sa·

188 3942 371 3997 cramenta
397 3917 592 4013 conficere,
618 3921 742 4021 quibus
765 3918 883 3998 fideles
910 3922 1090 4023 indigent,
1125 3920 1393 4011 eucharistiam,
1429 3921 1716 4019 poenitentiam,

190 4023 650 4113 extremam-millenam,

243 4128 341 4213 (ιιι)
367 4126 484 4225 Tertio
508 4120 548 4203 (9
571 4144 688 4222 quarto
712 4126 875 4200 mixtim.
903 4123 939 4199 Is
963 4127 1020 4202 cui
1047 4127 1274 4219 conceditur,
1302 4123 1402 4199 verba
1414 4120 1494 4199 sunt
1504 4120 1545 4197 Ρ.
1558 4120 1720 4200 Sanchea

190 4224 250 4301 lib.
279 4222 315 4301 8.
341 4224 403 4301 De
427 4226 591 4303 Mattim.
617 4226 652 4301 d.
682 4250 765 4323 24,
793 4223 943 4322 potestas
968 4226 1187 4328 dispensandi
1215 4229 1251 4301 in
1277 4228 1396 4324 aliquo
1420 4226 1567 4325 gradu,
1604 4222 1720 4323 potest

187 4324 227 4403 in
244 4332 297 4403 'eo
320 4326 538 4429 dispensare,
562 4329 721 4427 quamvis
746 4327 788 4401 sit
812 4329 944 4403 mixtus
966 4352 1011 4404 ex
1036 4331 1111 4406 alio
1136 4330 1405 4428 propinquiore,
1431 4329 1515 4428 quia
1539 4327 1570 4401 is
1593 4326 1721 4425 gradus

190 4426 271 4503 verb
295 4434 382 4505 non'
397 4428 452 4509 est'
469 4432 602 4505 mixtus
626 4426 686 4504 sed
713 4427 878 4525 simplex,
903 4429 969 4505 nisi
995 4434 1083 4507 alter
1107 4430 1397 4506 contrahentium
1422 4426 1568 4505 distaret
1594 4426 1721 4523 attipi-

187 4550 224 4603 te
261 4531 299 4607 in
337 4534 454 4628 primo
489 4530 626 4628 gradu.
653 4530 701 4606 Et
727 4532 802 4605 haec
827 4534 988 4629 exceptio
1014 4530 1054 4606 fir
1081 4554 1221 4629 propter
1248 4530 1351 4607 verba
1378 4526 1717 4629 motus-propriil’ii

191 4631 236 4707 V.
262 4633 350 4709 cditi
376 4640 438 4709 26.
465 4635 560 4741 Aug.
591 4640 698 4729 1566.
726 4634 925 4731 incipientis
947 4635 1195 4729 Sandiifflmur,
1221 4633 1279 4710 ubi
1304 4656 1474 4709 reuocans
1501 4631 1724 4709 constitutio·

1588 4758 1677 4811 nem

1143 4860 1281 4880 -υ
1286 4856 1721 4879 -αήι--ια

226 4908 452 4976 (ΜαιΙΙηὲ
464 4950 474 4978 ,
491 4911 576 4979 Oper-
594 4911 703 4979 uiuri.
721 4926 787 4969 to!-
817 4931 844 4964 a.
874 4905 961 4976 cap-l
1019 4910 1074 4979 (cl
1094 4912 1246 4969 Hieronis·
1263 4910 1348 4969 Rodi-
1367 4910 1457 4978 Resol.
1483 4928 1527 4974 ις.
1654 4914 1658 4933 ⁷

190 5005 218 5050 ς.
