3856 5678
396 326 411 349 ’-
543 298 1051 380 Arosroblcm.
1108 304 1217 397 1564.
1271 308 1380 380 1600.
1611 309 1688 404 289

598 539 1100 627 ORDINATIO
1202 541 1392 623 CLXVII.

753 651 863 725 Anno
890 645 999 748 1585.
1031 671 1091 748 25.
1117 646 1197 746 Jan.
1314 753 1319 762 Ι

168 902 174 909 -
295 855 396 938 Tin
422 856 592 953 Angola,
611 852 826 955 AEthiopia,
852 853 1000 933 Brasrlia
1026 860 1060 931 dr
1086 856 1162 929 aliis
1197 854 1329 932 Indicis
1354 855 1572 954 Regionibus
1607 844 1736 956 possint

322 961 486 1037 locorum
513 956 720 1048 Ordinarii,
745 958 915 1055 parochi,
943 965 978 1035 dt
1002 957 1189 1056 presbyteri
1217 958 1406 1034 Societatis
1433 959 1479 1032 ad
1504 954 1734 1038 confessiones

200 1063 393 1144 audiendas
420 1063 464 1138 ab
489 1058 643 1152 ejusdem
668 1060 860 1136 Societatis
885 1058 1117 1161 superioribus
1143 1060 1329 1158 approbati
1354 1058 1548 1158 dispensare
1574 1069 1735 1153 (1)cum

197 1163 376 1264 utriusque
399 1162 500 1241 sexus
523 1160 683 1238 fidelibus
708 1161 980 1261 quibuscumque
1006 1163 1131 1239 incolis
1158 1165 1333 1238 didiarum
1359 1164 1545 1260 regionum
1571 1171 1607 1241 b<
1631 1164 1735 1243 servis

198 1271 243 1347 ad
265 1266 378 1343 fidem
404 1263 599 1357 conversis,
624 1266 688 1364 qui
713 1286 797 1341 ante
820 1263 1018 1360 susceptum
1042 1262 1215 1362 baptisma
1241 1266 1516 1342 matrimonium
1541 1270 1622 1355 (tr)
1649 1294 1735 1345 con-

200 1389 410 1462 eruerant,
436 1388 477 1444 ut
502 1393 629 1445 eornm
653 1367 800 1467 quilibet
825 1371 938 1444 etiam
963 1365 1142 1466 superstite
1168 1367 1316 1462 conjuge
1327 1365 1480 1460 infideli,
1506 1373 1541 1445 dt
1565 1368 1734 1460 ejuscon·

201 1471 301 1549 sensu
325 1469 476 1548 minime
502 1467 688 1569 requisito,
705 1475 749 1548 dr
774 1468 938 1568 responso
962 1494 1036 1544 non
1061 1472 1244 1568 otpesbato
1270 1494 1353 1547 cum
1378 1472 1502 1567 quovis
1526 1466 1623 1546 fideli
1651 1475 1735 1550 alids

202 1596 325 1651 tamen
350 1574 419 1650 rite
446 1572 680 1665 contrahere,
707 1578 743 1650 dt
766 1574 804 1647 in
829 1569 922 1649 facie
947 1568 1099 1647 ecclesiae
1133 1571 1384 1663 solemnizare,
1410 1577 1446 1649 dr
1470 1573 1507 1646 in
1533 1596 1578 1647 co
1616 1573 1736 1667 postca

200 1677 334 1775 carnali
359 1677 487 1774 copula
516 1674 753 1767 consumare,
779 1675 897 1772 quoad
934 1675 1084 1750 vixerint
1120 1696 1299 1769 remanere
1336 1675 1501 1748 valeant:
1537 1676 1740 1755 dummodo

202 1777 336 1855 constet
361 1779 473 1854 ctiam
498 1777 688 1858 summarie
713 1782 749 1854 dt
773 1776 1122 1868 extrajudicialitet,
1158 1776 1345 1873 conjugem
1381 1796 1421 1850 ut
1458 1774 1639 1876 praefertur
1674 1782 1735 1856 ab

202 1879 338 1958 sentem
364 1880 522 1978 legitime
548 1906 622 1954 non
648 1878 740 1974 posse
766 1880 929 1970 moneri,
957 1900 1019 1954 aut
1044 1880 1225 1953 monitum
1251 1880 1345 1952 intra
1372 1878 1733 1974 ternpuaeademmo-

201 1984 334 2058 uitione
371 1980 555 2080 praefixum·
582 1981 681 2057 suam
718 1983 945 2071 voluntatem
983 2004 1056 2054 non
1082 1974 1316 2078 fignificaffe.
1354 1977 1401 2054 Et
1427 1978 1568 2056 etiamst
1604 1985 1735 2079 priores

202 2085 361 2182 conjuges
387 2082 545 2161 infideles
571 2082 647 2184 post
669 2087 894 2160 contraitum
918 2080 1111 2158 seeundum
1146 2081 1417 2157 matrimonium
1453 2103 1516 2157 aut
1549 2084 1595 2157 ad
1630 2083 1736 2162 fidem

201 2208 473 2282 convertantur,
500 2184 771 2263 autostendant
798 2186 832 2281 se
856 2183 942 2274 iusti:
968 2185 1155 2284 impeditos
1179 2178 1277 2258 fuisse
1305 2183 1351 2257 ad
1375 2184 1625 2259 declarandam
1635 2189 1736 2263 suam

200 2292 459 2381 uoluntatem3
496 2288 730 2365 nihilominus
768 2289 930 2385 praediiia
969 2286 1202 2365 matrimonia
1228 2281 1374 2359 rescindi
1400 2310 1475 2361 non
1494 2286 1649 2380 debere,
1675 2287 1734 2367 sed

197 2392 317 2476 ,valida
345 2396 502 2480 (ru)·&
527 2386 655 2479 firma,
682 2391 884 2485 prolemque
910 2389 991 2463 inde
1016 2386 1209 2486 susceptam
1235 2387 1434 2483 legitimam
1458 2385 1559 2464 fore.
1587 2387 1646 2465 Ita
1670 2389 1734 2467 ha-

191 2485 258 2565 bet
286 2490 552 2586 Compendiurn
578 2488 696 2564 Privil.
724 2487 805 2564 Soc.
834 2492 926 2576 (a).
966 2490 1166 2565 Avendario
1192 2487 1263 2580 (b),
1291 2493 1326 2565 ὅ(
1353 2486 1409 2561 ΙΙΙ.
1437 2488 1655 2588 Motenegro
1685 2498 1732 2584 (c)

185 2589 358 2669 referunt
383 2593 546 2671 camdem
567 2588 1019 2685 Constiurtionem,·cujus
1044 2591 1188 2683 initium
1213 2589 1263 2671 est
1288 2592 1420 2690 Popnlr's
1444 2586 1484 2673 b
1508 2590 1709 2670 nationibus.

469 2737 1365 2878 ἰΑυιιοῖιιιίοιιει.

248 3001 560 3102 (1)Dispmsnre.
588 2985 972 3080 Laborat-Avendario
998 2974 1066 3081 loc.
1093 3006 1155 3081 eit.
1193 3006 1231 3078 in
1259 2956 1451 3101 ‘querendo
1488 3005 1636 3094 subiesio
1668 3006 1737 3084 dis-

189 3101 416 3201 pensationis
441 3104 566 3194 huius,
591 3128 666 3201 quae
694 3105 831 3180 videtur
857 3105 1024 3204 respicere
1059 3105 1215 3181 infideles
1249 3106 1410 3179 nondum
1442 3106 1594 3181 ecclesrae
1620 3106 1734 3185 subdi-
1862 3137 1863 3141 ¹

191 3224 279 3281 tos.
308 3207 444 3281 Verum
468 3203 637 3281 Pontifex
663 3209 709 3281 ad
736 3205 801 3279 hos
827 3232 903 3281 non
928 3209 1085 3281 extendit
1122 3194 1354 3303 potestatem,
1391 3202 1449 3278 sed
1484 3208 1573 3295 jarn-
1591 3206 1735 3288 fidelem

190 3311 237 3385 δι
255 3331 317 3404 per
343 3303 553 3404 baptismum
579 3306 856 3397 jamsubditum
886 3309 1068 3405 deobligar
1094 3334 1114 3383 a
1141 3305 1225 3402 Jurc
1251 3329 1311 3403 per
1336 3306 1539 3403 conjugium
1566 3309 1602 3381 in
1614 3309 1737 3385 infide·

192 3408 303 3485 litate
329 3412 548 3485 contraibo.
587 3407 678 3506 Qra:
712 3409 932 3509 deobligatio
965 3409 1089 3509 passim
1125 3409 1258 3483 dic-itur
1283 3405 1494 3506 dispensatio
1519 3408 1658 3507 proprie
1684 3415 1740 3485 vel
1816 3469 1823 3483 .

196 3511 412 3607 improprii,
438 3515 550 3588 etiam
575 3512 718 3610 quando
744 3513 796 3602 jus
822 3511 871 3587 est
897 3515 1081 3605 naturale,
1108 3533 1150 3586 ut
1176 3530 1276 3607 parer
1303 3513 1340 3585 in
1366 3530 1450 3586 voto
1485 3515 1520 3588 dt
1557 3512 1634 3586 voti
1669 3511 1738 3587 dis·

201 3609 405 3711 pensatione
431 3614 505 3702 iure
530 3636 664 3689 naturae
690 3615 900 3713 obligantis;
925 3614 996 3689 sive
1021 3614 1091 3691 hoc
1117 3610 1180 3690 frat
1206 3614 1289 3711 quia
1316 3615 1353 3687 itt
1378 3613 1608 3712 obligationis
1630 3610 1737 3704 subje-

202 3716 299 3791 aum
324 3718 377 3790 vel
404 3719 594 3792 materiam
620 3717 777 3805 mutatio
802 3720 965 3814 quae-dam
992 3718 1191 3806 inducitur,
1218 3712 1286 3788 stve
1311 3717 1393 3813 quia
1421 3716 1581 3791 conditio
1602 3718 1739 3792 tollitur

204 3816 316 3893 tacite
343 3820 538 3914 importata
565 3821 603 3893 in
628 3819 846 3915 obligatione
871 3817 960 3894 sono
986 3840 1086 3894 tenus
1113 3812 1298 3907 absoluta,
1324 3813 1394 3891 stve
1419 3820 1501 3912 quia
1537 3818 1739 3897 declaratur

207 3918 349 4012 ablata,
375 3918 444 3995 five
470 3919 540 4017 qui
568 3921 638 3995 'alia
665 3923 825 3995 ratione.
1778 4012 1781 4017 ι

254 4025 335 4111 (ιι)
360 4023 642 4097 Matrimonium.
668 4021 824 4095 Fuerunt
849 4022 908 4117 qui
934 4019 1106 4094 Indorum
1130 4019 1364 4093 matrimonia
1393 4017 1487 4094 aliud
1513 4043 1589 4093 non
1612 4016 1739 4096 essedi-

200 4126 340 4214 xerint,
365 4149 472 4222 quarn
497 4149 596 4200 veros
621 4123 897 4200 concubinatus:
923 4122 1018 4219 quod
1044 4121 1089 4194 de
1113 4120 1349 4218 quarumdam
1383 4122 1570 4220 regionum
1606 4122 1740 4220 indige·

201 4227 257 4300 nis
285 4224 368 4300 satis
404 4226 649 4303 verosimiliter
674 4226 869 4324 ‘proditum
903 4224 987 4315 eli,
1024 4229 1059 4300 dt
1097 4225 1140 4298 dc
1165 4220 1365 4301 Mexicanis
1391 4221 1523 4297 temeri:
1557 4224 1739 4322 vulgatum

202 4327 319 4403 credit
347 4323 403 4400 Fr.
429 4326 582 4423 loannes
607 4329 652 4402 de
678 4327 930 4426 Torquemada
958 4326 1034 4416 (d).
1061 4323 1212 4403 Praesens
1235 4325 1320 4421 gerb
1345 4323 1551 4401 comiitutio
1576 4325 1649 4401 dici
1674 4352 1737 4403 ne·

201 4431 280 4528 quit
298 4430 392 4504 data
418 4427 484 4506 esse
510 4455 553 4505 ex
578 4429 845 4531 presumptione
869 4433 966 4528 quod
990 4428 1379 4504 matrimonia-horum
1414 4416 1611 4506 infidelium
1640 4432 1739 4505 nulla

204 4532 296 4607 sint:
324 4529 370 4605 src
397 4533 493 4607 enim
519 4540 606 4630 opus
640 4558 714 4607 non
740 4554 817 4607 erat
842 4529 1062 4629 dispensato,
1089 4556 1152 4607 nec
1178 4530 1321 4617 nuberet
1358 4525 1524 4604 Pontifex
1563 4529 1740 4606 absentem

204 4635 380 4732 requirere
408 4637 462 4710 uel
488 4658 657 4728 monere,
685 4656 746 4711 aut
773 4636 846 4726 ejus
872 4632 1079 4709 consensum
1104 4632 1214 4707 etiam
1240 4629 1415 4728 praesentis
1440 4631 1738 4730 expeiiare.1mo

819 4769 826 4780 ¹
1566 4734 1605 4811 id
1628 4744 1689 4807 etr·⁴

246 4914 303 4986 (a)
324 4906 471 4983 compr-na.
490 4920 523 4975 V.
544 4905 763 4975 Matrimonium
783 4908 806 4977 i.
828 4939 855 4985 ς.
1032 4909 1087 4982 (d)
1106 4904 1265 4979 Tereum(
1278 4907 1426 4968 Monarcb.
1446 4906 1509 4971 sud.
1537 4906 1587 4973 lib.
1613 4931 1656 4978 ¹3·
1678 4928 1739 4975 cap.

243 4992 304 5061 (b)
326 4994 446 5053 vivend-
464 4997 513 5053 rit.
536 5015 581 5048 ιι.
600 5013 678 5050 ntem.
701 5000 766 5060 398.
966 4906 975 5123 Ξ
998 5013 1040 5055 ¹5·
1056 5008 1125 5061 pag·
1146 5011 1212 5057 sib·
1232 4987 1312 5049 Edit.
1337 5007 1418 5053 1723.

247 5069 303 5139 uc)
323 5076 450 5132 Montrn.
470 5071 520 5131 lib.
542 5088 627 5140 3s'tr·
647 5090 675 5141 9.
689 5074 757 5145 seii.
780 5076 806 5126 8.
1127 5142 1200 5188 n..
