3856 5678
538 93 577 174 A
600 113 624 175 e
646 108 677 171 ο
699 108 766 195 tt
788 108 820 171 o
843 108 869 169 r.
892 104 908 167 t
931 112 959 173 o
984 112 1043 169 ac.
1098 96 1208 172 1600.
1263 101 1373 199 ¹⁶5⁰·
1599 114 1680 204 411·

246 228 292 319 P.
318 234 533 317 Charlevoix
557 241 633 329 (a)
667 234 716 310 ste
739 230 849 310 refert
872 228 1091 331 :respondisse
1116 231 1327 314 Urbanum:
1360 237 1433 371 Qu
1457 240 1505 315 les
1536 239 1630 321 deux
1652 244 1732 349 opi.

193 346 302 421 nions
325 340 382 417 sur
406 346 440 419 le
465 366 525 416 eas
549 336 701 439 propone
723 336 1055 435 etantegalementc
1080 338 1285 435 probablee,
1314 340 1340 414 il
1365 364 1391 413 n
1413 344 1505 417 etoit
1530 348 1731 430 nullement

194 444 317 523 besoin
342 446 387 521 de
396 441 575 544 dispense,
598 446 712 539 &que
737 439 877 515 chacun
899 436 1021 515 devoit
1031 440 1108 537 agir
1116 437 1212 517 selon
1235 442 1284 517 les
1310 444 1572 539 conjondtutes,
1597 453 1746 535 coni'il.

188 548 224 621 le
248 546 403 647 jugeroit
429 544 649 627 convenablc,
676 565 766 639 pour
791 564 836 615 ne
860 564 923 638 par
958 539 1088 639 risquer
1113 544 1147 617 le
1171 540 1263 617 salut
1287 542 1347 619 des
1372 546 1537 637 infideles.
1575 546 1731 647 Opinio·

188 672 275 725 nem
300 648 385 724 verb
410 650 547 746 magis,
570 648 648 721 into
672 642 777 719 unice
801 642 1074 721 convenientem
1108 666 1154 719 ne
1180 642 1336 721 infideles
1360 648 1405 725 de
1439 646 1554 724 salute
1590 654 1729 749 pericli-

188 768 336 843 rentur,
362 750 489 826 dixerit
514 749 590 846 quis
615 741 683 821 effe
708 745 918 843 opinionem
942 748 1058 844 magis
1083 744 1301 845 probabilem
1328 768 1390 827 aut
1415 752 1532 849 magis
1569 772 1691 833 tutam
1719 808 1732 829 .

191 850 265 929 Sed
289 876 411 929 vereor
435 874 480 927 ne
502 848 747 927 Charlevoixii
771 871 815 923 ex
838 846 944 924 ofrtio
980 847 1116 925 sensum
1142 848 1341 947 apostolicae
1374 850 1607 950 responfionis
1643 858 1728 935 alie·

190 970 280 1049 net,
354 952 491 1051 stqnam
516 958 552 1031 dt
576 946 773 1051 questionis
812 947 937 1029 ensutn
962 949 1128 1027 nonnihil
1154 952 1395 1029 alienaverat.

334 1059 406 1131 uod
430 1080 475 1130 ert
497 1052 634 1134 Urbani
659 1048 880 1151 responfione
904 1050 1004 1129 favor
1029 1054 1207 1130 derivetur
1233 1054 1501 1156 authoritasque
1525 1059 1728 1159 in...-proba-

193 1156 392 1236 bilislartnn
413 1156 626 1235 sententiam
645 1170 769 1254 practer
789 1156 850 1231 cit.
871 1152 1024 1231 Casnedi
1047 1157 1162 1253 plurec
1187 1154 1367 1237 affirmant
1393 1184 1478 1238 cum
1488 1159 1626 1251 Terillo
1652 1162 1727 1257 (l).

189 1258 241 1339 Et
266 1260 451 1335 novissime
475 1258 584 1337 Biner
608 1261 657 1348 (e)
683 1256 788 1355 apud·
802 1256 960 1335 Lactoix
986 1280 1046 1356 per
1070 1254 1113 1332 P.
1139 1256 1368 1337 Zachariam.
1386 1255 1642 1360 locupletatum
1667 1267 1723 1357 (d)

192 1360 298 1439 affert
324 1361 459 1441 Urbani
483 1360 592 1437 VIII.
618 1356 679 1437 ref
719 1356 880 1437 nstonem
904 1360 1121 1460 quamdam,
1146 1386 1222 1459 quae
1247 1358 1320 1439 sine
1344 1362 1455 1439 dubio
1479 1362 1529 1441 cll
1554 1364 1731 1464 praefene,

149 1463 153 1469 ’
189 1462 345 1559 scilicet,
373 1464 591 1559 Illafflondrios
614 1463 653 1539 in
671 1382 784 1540 Ibdia
809 1458 905 1563 posse
929 1464 1115 1562 procedere
1141 1488 1224 1539 cum
1250 1463 1426 1541 conversis
1451 1464 1498 1541 ad
1533 1464 1641 1547 fidem
1665 1494 1726 1551 ca·

194 1567 370 1644 cholicam
392 1564 588 1646 secttndhm
612 1562 807 1640 sententias
827 1564 1025 1663 probabiles
1049 1567 1118 1655 illie
1142 1566 1258 1665 magis
1274 1564 1506 1663 favorabiles.

295 1668 475 1747 Alfenum
500 1667 626 1767 probat
651 1666 804 1742 Terillus
832 1666 1042 1765 transcripto
1068 1668 1113 1743 ad
1137 1667 1281 1745 verbum
1306 1669 1472 1745 Historiae
1496 1670 1726 1774 Paraquatiae

189 1798 251 1875 per
275 1771 314 1849 P.
340 1772 534 1849 Nicolaum
559 1770 618 1843 del
642 1765 771 1844 Techo
796 1772 913 1867 capite
943 1792 998 1867 ¹5·
1025 1770 1103 1844 libri
1128 1795 1162 1846 x.
1197 1796 1281 1846 cum
1307 1770 1438 1847 inserto
1464 1772 1511 1848 ibi
1547 1772 1725 1851 Cardina·

192 1878 234 1952 lis
259 1876 306 1954 de
341 1873 446 1975 Lugo
471 1874 592 1949 libello
627 1868 774 1971 supplici
810 1872 857 1949 ad
882 1870 1176 1948 sanuiffimum.
1213 1870 1266 1951 Ut
1290 1876 1446 1971 primum
1477 1876 1600 1950 Terilli
1637 1902 1726 1976 opus

192 1976 359 2075 Hispanis
385 1977 565 2069 innotuit,
591 1970 760 2071 professor
782 1974 928 2078 quidam
954 1974 974 2049 ὲ
996 1974 1177 2056 Societatc
1201 1971 1241 2049 Ρ.
1254 1974 1386 2052 Thirso
1412 1975 1594 2051 Gonzalez
1615 2000 1726 2055 notus

189 2086 261 2171 (a)
290 2081 335 2155 ad
362 2079 650 2177 impugnandum
675 2078 860 2153 contendit
884 2102 1032 2171 nervos,
1060 2077 1169 2153 tribus
1193 2080 1350 2171 notatis,
1388 2077 1504 2175 primi>
1529 2080 1669 2155 nullum
1704 2086 1727 2157 ti

190 2182 333 2259 Terillo
358 2184 542 2255 decretum
566 2176 813 2252 authenticum
838 2176 1009 2273 produci;
1033 2177 1162 2252 deinde
1187 2178 1278 2251 nihil
1300 2179 1428 2255 adduci
1455 2178 1638 2257 sententiat
1657 2206 1723 2259 an·

190 2276 529 2379 tiprobabilistarum
564 2272 783 2365 adversmn3
821 2276 928 2351 tertib
964 2276 1295 2374 interpretationem
1330 2282 1464 2354 oraculi
1503 2280 1728 2377 pontificiid

190 2383 334 2457 Terillo
359 2379 490 2457 sadam
515 2378 695 2454 imbellem
719 2373 806 2453 else.
831 2373 872 2452 P.
900 2375 1048 2454 Thirsus
1060 2377 1245 2473 Anonymi
1263 2374 1551 2457 dissertationem
1575 2382 1725 2463 charam

192 2482 329 2558 habens
355 2503 474 2561 totam
500 2478 677 2561 transtulit
700 2478 739 2553 in
763 2481 888 2558 locum
913 2480 976 2557 cit.
1002 2480 1051 2555 Et
1077 2478 1116 2553 P.
1143 2478 1308 2561 ConcIna
1335 2472 1406 2576 (s)
1433 2478 1601 2563 Thirsum
1636 2486 1726 2561 redi-

190 2586 244 2685 git
270 2588 307 2658 in
331 2584 604 2685 compendium,
629 2580 718 2657 illud
743 2580 910 2675 tantum,
934 2582 1022 2670 dum
1046 2578 1233 2681 Paraguap
1256 2583 1398 2662 mentio
1421 2583 1546 2660 incidit
1556 2586 1583 2683 l,
1609 2584 1727 2665 obiter

192 2686 386 2785 adjungens
409 2688 456 2762 de
479 2686 566 2775 suo,
592 2680 688 2783 quod
714 2704 755 2760 ut
780 2710 927 2779 verum,
952 2686 1086 2761 mirum
1111 2708 1289 2785 quantum
1313 2686 1361 2767 ad
1383 2682 1572 2767 historiam
1597 2686 1725 2790 proba·

192 2786 322 2867 bilistni
347 2788 502 2879 referat,
527 2784 751 2884 Paraquaricr
774 2788 996 2885 prouinciam
1019 2784 1088 2863 esse
1113 2789 1281 2866 divitem.
1319 2839 1322 2847 -
1451 2850 1455 2855 .

296 2890 355 2963 Ad
383 2916 459 2964 rem
482 2890 578 2988 quod
603 2888 757 2978 attinet,
783 2889 856 2963 vidi
874 2889 966 2963 olim
992 2889 1028 2960 in
1055 2886 1213 2963 archivio
1232 2882 1549 2970 NeoCotdubensr
1571 2890 1726 2973 Prouin-

192 2994 259 3066 ciae
284 2990 506 3089 Paraquariae
530 2988 718 3063 Societatis
741 2983 822 3081 Jesu
847 2986 951 3063 'istius
976 2990 1176 3085 argumenti
1210 2977 1379 3081 schedas,
1409 2986 1459 3065 ‘ex
1495 2993 1618 3093 quibus
1643 3021 1726 3097 pto·
1868 3026 1871 3031 ·

188 3093 362 3169 culdubio
387 3090 428 3168 Ρ.
456 3090 581 3168 Techo
605 3085 804 3166 Historiam
829 3089 922 3165 illius
946 3088 1141 3166 Provinciae
1166 3092 1419 3191 concinnavit,
1445 3096 1481 3168 dt
1503 3096 1725 3172 nominatim

191 3197 363 3295 pundum
388 3194 457 3269 hoc
485 3198 522 3270 in
548 3218 619 3291 quo
646 3190 843 3267 versamur.
870 3193 931 3267 Ad
958 3191 1101 3266 verbum
1123 3193 1183 3267 hic
1208 3191 1355 3292 scriptas
1380 3191 1525 3267 reddere
1544 3219 1620 3270 non
1647 3196 1725 3293 pos-

192 3298 274 3374 sum
298 3298 373 3386 jam
398 3295 461 3373 diu
486 3297 593 3394 longe
618 3292 757 3369 absens.
785 3292 882 3369 Illud
908 3315 1030 3372 tamen
1067 3297 1249 3371 memoriae
1272 3292 1356 3371 satis
1380 3291 1493 3371 fixum
1515 3294 1601 3389 est,
1630 3296 1723 3373 nihil

191 3400 243 3477 ibi
267 3400 445 3475 contineri
469 3424 542 3498 quo
578 3418 748 3495 tanquam
772 3397 818 3471 de
854 3396 1076 3473 authoritate
1103 3395 1295 3496 apostolica
1326 3394 1517 3491 fulciatur,
1553 3422 1616 3475 aut
1653 3424 1726 3501 quo

189 3502 346 3579 declaret
370 3496 533 3579 Urbanus
557 3494 750 3590 Pontifex,
776 3500 814 3575 in
840 3499 1011 3575 concursu
1036 3500 1252 3598 opinionum
1277 3500 1385 3597 arripi
1409 3496 1503 3601 polle
1528 3502 1725 3601 minus'uel

189 3600 290 3701 aequb
315 3602 534 3704 probabilem
558 3628 622 3701 pro
647 3601 811 3676 libertate
834 3622 961 3677 contra
986 3605 1124 3697 legem.
1150 3601 1290 3697 Nempe
1315 3599 1575 3697 dispensatione
1601 3630 1662 3703 per
1678 3602 1722 3681 Ρ.

189 3704 372 3804 Joannem
396 3706 442 3781 de
467 3702 572 3803 hugo
598 3700 716 3799 polica
736 3700 971 3777 Cardinalem
996 3702 1131 3797 petita,
1157 3700 1301 3779 &casu
1326 3698 1530 3799 propospto,
1557 3701 1726 3785 Pontifex

190 3831 271 3881 non
294 3806 419 3898 Brevi,
447 3832 522 3881 non
546 3804 782 3901 Diplomate,
808 3803 905 3898 quod
929 3799 1055 3897 frustra
1079 3802 1228 3899 requirit
1245 3798 1437 3893 Concina,
1461 3800 1523 3875 sed
1550 3806 1632 3881 viva
1659 3832 1723 3881 ro-

186 3934 236 3982 ce
273 3906 450 4005 respondit
486 3909 524 3983 id
562 3926 705 3982 tamum
737 3906 812 3981 Non
834 3906 893 3995 effe
917 3929 993 4002 opus
1026 3898 1275 4002 dispensatione.
1312 3902 1466 4004 ReIIqua
1502 3900 1583 3981 sunt
1619 3902 1724 4003 ipsius

185 4008 394 4086 Cardinalis
418 4013 575 4085 edorum
600 4010 778 4083 rationem
804 4006 1006 4097 reddentis,
1031 4010 1069 4083 dt
1093 4004 1284 4084 successum
1310 4000 1492 4081 referentis
1518 4004 1623 4083 verba
1651 4062 1663 4101 ,
1689 4011 1725 4089 dt

194 4112 243 4189 ad
268 4106 565 4188 missionatiotum
591 4108 854 4187 instructionem
879 4114 916 4185 dc
942 4104 1115 4209 pontificii
1141 4104 1293 4206 responsi
1313 4105 1645 4207 comprobationem
1665 4110 1733 4203 adr

189 4215 307 4291 dentis
331 4212 377 4287 de
400 4210 487 4305 suo,
513 4237 632 4290 revera
657 4235 734 4287 non
757 4206 824 4285 elle
849 4234 938 4307 opus
961 4208 1242 4309 dispensatione,
1265 4208 1327 4285 sed
1351 4208 1562 4299 missionarii
1584 4212 1622 4288 in
1640 4214 1723 4311 pr'o·

187 4316 310 4395 vincia
334 4316 582 4393 exuninarent
602 4312 722 4405 tana,
749 4318 785 4390 dt
808 4312 1055 4411 conjugiorum
1077 4314 1357 4411 guaranicorum
1381 4316 1580 4408 naturam,
1613 4314 1725 4415 q'uali·

478 4457 482 4471 ·
757 4458 760 4465 ·
830 4459 833 4466 ·
1535 4436 1671 4511 tatem,

188 4542 1721 4573 m--n-m—-n

188 4616 200 4666 l
236 4604 291 4674 (a)
309 4608 443 4667 charito.
463 4611 530 4681 llr'st.
550 4606 715 4676 dre-Parag.
734 4605 785 4665 lib.
808 4612 833 4661 t.
848 4624 881 4675 p.
899 4616 969 4675 με.
1010 4604 1065 4676 (b)
1085 4602 1191 4663 Terill.
1211 4606 1246 4665 Ρ.
1270 4624 1294 4658 1.
1314 4607 1357 4661 De
1376 4608 1441 4673 neg.
1464 4611 1540 4665 Mar.
1560 4626 1589 4679 q.
1612 4614 1639 4669 8.

230 4682 283 4752 (c)
305 4686 407 4753 diner,
427 4690 542 4754 appar.
563 4684 604 4743 ad
622 4686 690 4751 Jur.
709 4686 742 4741 P.
769 4704 792 4737 ι.
810 4701 874 4751 cap.
897 4704 923 4738 a.
939 4703 971 4752 ρ.
993 4688 1058 4740 26⁸.
1100 4680 1156 4751 (d)
1178 4684 1260 4740 Lacr.
1279 4680 1330 4738 lib.
1354 4702 1378 4737 r.
1397 4700 1426 4738 n.
1449 4690 1514 4740 aet.
1746 4692 1753 4703 ·

232 4760 293 4829 (e)
314 4758 414 4832 Thirs.
430 4764 625 4836 veredicus.
647 4760 845 4829 caprano.
869 4782 960 4833 rna.
982 4764 1052 4828 Μ.
1076 4782 1100 4816 ι.
1141 4759 1722 4833 (t)cmcin.rm.=.11iss.dcll³rob.

185 4840 274 4907 120³·
295 4858 357 4909 cap·
382 4862 408 4903 5·
428 4842 452 4903 t.
475 4862 520 4899 ιο.
538 4860 617 4903 num·
641 4862 666 4897 2·
684 4858 751 4917 Μ·
776 4849 841 4899 ¹¹6·

1029 4904 1032 4909 ⁵
1138 4916 1311 4995 Cccz
