3864 5686
420 355 931 438 Arosr'oatele.
984 375 1097 452 1700.
1150 357 1265 450 1766.
1403 404 1417 443 ·,
1463 342 1545 449 '571

50 522 122 600 pus
143 494 288 597 proprio
312 492 460 575 nominc
486 524 528 576 ac
552 498 627 587 jure
653 499 826 581 concedat
853 496 1136 594 indulgentiam,
1172 490 1432 597 anPontificis
1466 493 1597 601 autho-

48 604 185 692 nitate:
213 601 301 677 illud
325 601 375 676 est
401 615 564 693 certum,
598 600 701 690 buius
736 605 791 675 uel
817 602 911 675 illius
937 599 1099 676 Romani
1132 590 1318 676 Pontificis
1341 596 1487 672 nomine
1521 618 1597 695 nort

55 704 176 777 uenire
201 725 267 778 nec
293 706 443 805 intelligi
469 701 568 803 posse
588 703 827 799 Episcopum,
850 701 918 781 nist
941 702 1003 801 qui
1028 699 1132 776 strnul
1156 698 1200 776 stt
1227 697 1416 799 Episcopus
1426 695 1538 792 -Urbis
1557 700 1599 777 dc

55 805 187 886 Orbis.
211 805 309 903 &go
332 826 508 905 quantum
533 831 577 882 ex
603 807 673 879 illis
707 806 894 882 sanslioois
920 804 1031 879 verbis
1066 802 1144 897 est,
1178 809 1270 884 Cam.
1288 801 1330 876 ab
1355 802 1480 893 eadem,
1520 816 1596 875 tum

53 905 98 983 ab
121 909 188 982 alio
210 914 360 984 Romano
383 911 563 1002 Pontifice,
589 908 777 986 indubium
798 907 850 986 est
875 930 934 1010 per
958 905 1194 1009 episcopalem
1227 903 1488 1011 indulgentiam
1520 926 1596 999 nou

53 1009 154 1086 reddi
178 1008 384 1115 pontificias
404 1011 567 1088 inutiles.
906 1024 908 1032 “
943 1038 945 1043 ’

306 1248 311 1256 ·
410 1208 994 1293 ORDINAT'IO
1086 1211 1244 1292 DLXX.

301 1343 302 1346 ¹
584 1314 697 1392 Anno
725 1336 838 1414 ¹744·
872 1336 932 1388 12.
967 1313 1069 1414 Sept.

149 1519 263 1597 Elato
286 1520 433 1609 decreto
455 1518 570 1596 Card.
595 1519 775 1597 Tumonii
800 1519 888 1595 dato
921 1515 1124 1610 Pudicberii
1162 1539 1223 1613 23.
1249 1517 1332 1615 Just.
1363 1538 1501 1616 1704,
1525 1541 1600 1623 quo

174 1622 235 1698 sub
260 1647 364 1721 prena
389 1621 769 1699 excommunicationis
793 1620 1060 1722 superioribus,
1086 1626 1122 1700 bc
1156 1616 1384 1717 suspensionis
1420 1620 1598 1696 milliona-

55 1727 118 1802 riis
141 1724 312 1800 militonis
338 1724 583 1815 Madurensrs,
610 1720 871 1817 Maisurensrs,
908 1728 945 1800 br
966 1721 1196 1799 Carnatensrs
1222 1722 1450 1820 injungitur,
1485 1747 1530 1798 ne
1557 1723 1597 1800 iu

58 1826 274 1923 baptizando
299 1830 515 1903 omittantur
540 1826 844 1918 sacramentalia,
877 1830 913 1901 ὅ(
938 1822 1118 1923 fignanter
1145 1823 1233 1914 sal,
1269 1822 1407 1916 saliua,
1439 1821 1600 1902 insuffla·

57 1929 203 2003 tiosut
230 1930 435 2025 imponatur
459 1927 671 2025 baptizando
697 1950 831 2002 nomen
856 1926 895 2001 in
920 1927 1181 2025 martyrologio
1205 1923 1368 2022 descripti
1393 1925 1513 2002 saneti
1533 1924 1597 2001 ali·

55 2030 381 2124 consenescat
404 2028 586 2103 sacrarum
611 2031 730 2102 rerum
754 2022 909 2103 nomina*
931 2029 1124 2106 immutare
1148 2053 1214 2103 nec
1240 2053 1282 2103 ea
1309 2029 1386 2103 ullo
1423 2029 1599 2104 idiomate

10 2137 83 2190 s
80 2128 166 2205 uam
192 2131 308 2208 latino
335 2133 391 2205 vel
416 2130 537 2205 indico
562 2129 763 2230 explicare:
786 2151 830 2204 ut
857 2131 1050 2206 terminum
1075 2129 1294 2228 genitoribus
1326 2155 1435 2231 quam
1471 2125 1598 2205 brevis·

55 2156 185 2308 samum
210 2229 413 2330 praefigant,
441 2252 481 2306 ut
507 2229 601 2306 filios
627 2231 673 2304 ad
698 2228 884 2306 eeclesiam
907 2225 1071 2308 deserant
1108 2231 1377 2330 baptizandos:
1403 2257 1448 2310 ne
1475 2230 1600 2320 matri·

54 2336 180 2409 monia
207 2335 300 2407 inter
325 2332 557 2421 christianos,
584 2328 677 2420 (sex
703 2333 758 2407 uel
784 2330 918 2429 septem
943 2339 1150 2422 annorum)
1176 2331 1253 2411 fieri
1312 2335 1524 2410 ermittant:
1551 2355 1600 2408 ne

55 2438 223 2510 mulieres
248 2434 402 2510 audeant
428 2437 496 2521 taly
524 2458 608 2508 cum
633 2433 788 2530 imagine
815 2433 903 2507 idoli
928 2429 1088 2508 Pulearis
1112 2435 1210 2510 collo
1234 2361 1394 2527 deduc,
1423 2456 1485 2511 aut
1512 2459 1598 2512 cum

54 2534 215 2613 funiculo
246 2534 328 2610 108.
356 2534 501 2610 filorum
527 2556 655 2608 croceo
678 2532 783 2608 succo
807 2533 1034 2612 delirorum:
1071 2558 1112 2614 ut
1149 2561 1270 2612 ramus
1305 2537 1438 2619 arboris
1463 2535 1600 2632 aresciu-

56 2663 155 2713 mara
182 2640 333 2714 omnino
359 2634 540 2713 auferatur
568 2636 588 2708 a
614 2637 835 2712 caeremoniis
858 2636 1098 2734 nuptialibus,
1123 2642 1159 2715 ὅ(
1184 2662 1352 2729 numerus
1373 2637 1596 2716 serculorum

57 2739 214 2817 adhiberi
240 2738 384 2815 solitus:
410 2760 452 2816 ut
478 2739 601 2813 circuli
624 2736 725 2837 super
752 2758 856 2836 caput
884 2736 1089 2836 sponsorum
1114 2743 1365 2818 omittantur:
1398 2766 1444 2817 ne
1469 2738 1602 2820 fruetus

57 2844 164 2938 vulgo
189 2867 275 2916 cocco
300 2844 345 2916 ad
371 2843 541 2939 capienda
568 2838 722 2937 auspicia
749 2836 963 2938 frangatur:
1001 2865 1046 2918 ne
1073 2844 1237 2919 mulieres
1274 2863 1463 2920 arceantur
1497 2838 1601 2922 asa·

58 2945 251 3020 crementis
277 2941 381 3020 causa
409 2943 594 3019 menstruae
619 2942 858 3039 purgationis:
896 2968 941 3017 ne
966 2940 1031 3018 fiat
1059 2940 1180 3019 selliva
1207 2946 1403 3042 gratulatio
1438 2971 1503 3047 pro
1530 2945 1599 3046 pri-

55 3069 118 3122 ma
145 3046 358 3142 purgatione
385 3047 510 3141 puellis
534 3045 790 3143 contingente:
827 3065 865 3118 ut
903 3042 1026 3119 Parcis
1061 3069 1170 3120 omne
1208 3044 1385 3142 psalletur
1416 3045 1600 3148 spirituale

58 3146 231 3221 arixilium
264 3149 377 3220 eriam
416 3146 453 3218 in
490 3142 643 3242 ipsorum
681 3144 869 3220 domibus:
904 3168 950 3225 ne
975 3143 1375 3241 christianitibici'ttes,
1410 3152 1447 3228 bt
1471 3147 1598 3228 musci

56 3272 207 3340 operam
234 3246 395 3344 praestent
423 3250 459 3322 in
490 3248 669 3320 idolorum
695 3245 841 3343 pagodis
866 3268 928 3323 aut
955 3244 1226 3325 festivitatibus:
1260 3251 1441 3326 ucetiam
1466 3248 1601 3339 missso·
1686 3259 1705 3272 ‘

57 3350 152 3422 narii
178 3348 362 3426 observent
390 3347 682 3424 constitutionem
706 3348 875 3448 Gregorii
899 3348 984 3427 XV.
1010 3345 1264 3449 prohibitivum
1290 3353 1461 3448 temporis
1485 3357 1521 3434 u
1545 3355 1596 3428 lo·

55 3453 90 3526 ci
119 3453 157 3525 in
183 3452 330 3526 lavacris
367 3451 525 3526 adhiberi
551 3448 695 3526 soritis
731 3449 950 3546 gentilibus:
983 3476 1028 3526 ne
1066 3453 1200 3527 cineres
1233 3477 1277 3530 ex
1303 3476 1418 3528 vacca
1449 3450 1602 3532 stercore

58 3550 274 3644 confessos,
312 3560 349 3635 bc
373 3552 620 3652 poenitentiam
656 3551 677 3624 ὲ
714 3553 853 3629 Rutren
890 3552 1087 3629 institutam
1121 3553 1323 3629 redolentes
1352 3553 1600 3635 benedicant:

55 3652 183 3752 eosque
210 3654 320 3732 sronti
348 3655 449 3732 sacro
474 3651 664 3729 chrismate
690 3652 848 3730 delinita
872 3655 1097 3755 impingant.
1122 3653 1171 3732 Et
1196 3652 1431 3734 Christianis:
1456 3684 1500 3732 ne
1527 3657 1600 3737 stne

56 3755 207 3834 licentia
237 3758 385 3854 parochi
413 3757 521 3834 libros
544 3755 732 3854 gentilium
759 3755 900 3854 legant.
928 3757 974 3833 Et
999 3753 1245 3853 Superioribus
1269 3757 1459 3833 societatis
1479 3760 1516 3836 in
1542 3759 1603 3837 ln·

54 3858 148 3948 diis,
176 3883 216 3935 ut
242 3861 313 3935 boc
338 3861 524 3933 decretum
549 3854 737 3933 notificent
761 3854 1074 3934 millenariis:
1111 3855 1241 3943 uelata
1266 3859 1378 3932 etiam
1413 3855 1600 3938 resolutio·

54 3985 105 4036 ne
129 3960 329 4036 Clementis
352 3960 419 4039 XI.
446 3960 677 4056 approbantis
699 3959 897 4053 praecedens
920 3956 1104 4035 decretum
1128 3980 1212 4033 cum
1234 3955 1390 4033 clausula
1416 3965 1601 4050 Deucali-

58 4064 161 4138 tcra‘t
201 4062 292 4136 Sede
330 4059 539 4159 Apostolica
576 4055 755 4161 provisum
789 4054 932 4155 fuerit,
966 4055 1152 4159 postquam
1187 4053 1251 4134 ebs
1274 4059 1453 4157 audierit,
1487 4059 1607 4166 liqui·

55 4185 162 4238 erunt
189 4165 251 4265 qui
277 4165 410 4263 aliquid
450 4160 611 4240 adversus
637 4179 826 4238 contenta·
848 4162 886 4237 in
909 4160 1078 4249 eiusmodi
1112 4161 1256 4238 decrero
1283 4155 1505 4269 afferendum
1529 4166 1602 4284 bg·
1642 4244 1645 4250 ,

55 4265 214 4340 luerint.
241 4266 287 4343 Er
315 4267 439 4343 litteris
465 4264 640 4343 Benedisli
666 4261 801 4354 XHL,
827 4260 950 4362 quibus
975 4268 1013 4344 bc
1045 4262 1228 4342 Tunonii
1252 4262 1450 4344 decretum·
1468 4267 1601 4368 contis·

55 4388 159 4460 mat,
197 4373 233 4445 ὅ(
271 4369 487 4444 nominatim
523 4371 705 4444 decretum
738 4367 787 4442 de
824 4362 1108 4460 administrandis
1132 4362 1362 4443 sacramentis
1397 4363 1603 4465 bominibus

58 4471 282 4550 moribundis
319 4470 448 4546 infima
486 4469 701 4548 conditionis
734 4493 825 4566 quos
847 4489 978 4547 vocant
1014 4474 1163 4544 Parcas.
1189 4489 1228 4548 :a
1271 4467 1319 4544 Et
1355 4471 1484 4548 litteris
1517 4466 1602 4552 Cle·

57 4575 192 4649 mentis
217 4571 304 4649 XII.
331 4574 424 4649 datis
451 4593 513 4669 24.
539 4571 632 4673 Aug.
665 4591 797 4670 1734,
823 4568 949 4673 quibus
972 4566 1165 4647 confirmat
1185 4588 1406 4668 'praeceptum
1431 4572 1600 4668 adbibeb·
1626 4667 1632 4675 „

55 4676 95 4753 di
121 4672 391 4755 sacramentalia
414 4672 606 4772 baptismi,
632 4678 667 4753 bc
691 4671 866 4769 dispensat
892 4672 940 4750 ad
963 4666 1176 4748 decennium
1197 4688 1246 4746 ut·
1263 4672 1456 4751 omittatur
1481 4675 1518 4752 in
1533 4672 1601 4756 'be'-

56 4778 217 4856 ceffitate
241 4777 381 4873 salira,
418 4786 455 4860 b:
481 4774 676 4853 insufflatio
713 4775 924 4851 adhibeatur
945 4771 1088 4852 nudae
1110 4828 1122 4866 ,
1147 4771 1206 4850 uhi
1233 4795 1307 4850 non
1334 4770 1376 4851 stt
1405 4799 1503 4854 error
1536 4762 1602 4877 pti-

58 4884 217 4960 tantium
241 4879 308 4958 else
333 4882 525 4957 materiam
552 4879 710 4976 ineptam
742 4874 1091 4954 sacramentalium:
1127 4894 1252 4953 monet
1277 4873 1514 4956 miffionarios
1544 4879 1567 4985 s
1587 4925 1601 4939 ·

102 4986 241 5082 rgrari
279 4984 495 5082 negligentia
535 4980 739 5057 recurrendi
777 4981 823 5055 ad
848 4979 978 5056 Sedem
1005 4975 1247 5076 Apostolicam
1282 5004 1348 5076 pro
1380 4976 1601 5078 dispensandi
1652 5045 1657 5054 .

98 5094 261 5175 cultata,
284 5091 321 5167 bc
346 5088 442 5164 male
465 5083 501 5164 se
525 5081 656 5186 geffule
681 5080 876 5186 Episcopo:
901 5079 1133 5181 dispensando
1160 5078 1358 5158 inconsulta
1385 5081 1512 5157 Sanun
1539 5076 1601 5163 Ss-

1007 5180 1100 5262 Zaz
1115 5192 1188 5427 y
1480 5183 1550 5266 de.
