3856 5678
523 244 1030 401 niderosten.
1089 309 1202 393 rrae.
1254 319 1367 417 1650.
1500 256 1529 423 f,
1596 330 1673 424 343

178 445 284 546 iuilie
304 453 556 560 presentium
600 455 759 560 &quod
784 455 824 532 in
850 455 913 536 tila
938 463 1154 560 prae'ceptum
1177 455 1326 555 ponitur
1351 454 1653 562 Archiepiscopo,
1673 485 1744 564 nes

175 563 218 645 br
244 560 348 652 judex
371 563 460 645 dum
484 509 590 639 cauli
613 563 762 639 verritur
788 559 1020 659 interipsum
1044 566 1081 638 dt
1105 559 1303 658 capitulum
1328 559 1372 637 in‘
1389 562 1649 660 pertinentibus
1670 565 1720 641 ad

175 681 322 769 quartas
345 662 558 758 decimales,
584 667 630 743 &¹
643 660 805 740 mensam
830 662 1092 760 capitularem,
1129 662 1273 769 aliaque
1293 660 1392 752 iura.
1426 657 1587 761 Quartae
1620 665 1719 744 deei-

173 770 290 850 maies
315 765 476 865 intellige
500 767 599 856 juncta
623 766 838 842 eredionem
846 761 1087 843 Ecclefianrm
1112 761 1345 858 indicarum,
1372 765 1412 840 in
1436 789 1507 865 qua
1531 762 1607 844 fere
1616 789 1736 845 oum--

175 869 278 947 tnuni
304 865 438 944 statuto
463 867 682 943 decimarum
707 869 868 946 cumulus
895 868 933 961 in
968 886 1123 968 quatuor
1146 883 1263 965 partes
1287 863 1499 961 dissecatur,
1516 868 1718 963 ‘attributis

175 972 309 1050 duabtu
327 969 509 1070 „Episcopo
533 974 568 1048 dt
591 967 789 1070 Capitulo.
813 964 1033 1069 Quanquam
1057 971 1096 1045 in
1120 966 1278 1046 Ecclesia
1302 966 1592 1064 Ibeumanenfi,
1617 974 1656 1049 dt
1674 966 1716 1046 fi-

176 1100 243 1176 qua
269 1073 365 1165 alia,
390 1069 515 1147 divisio
538 1094 613 1147 non
639 1073 678 1146 in
702 1087 878 1173 quatuor,
902 1069 962 1150 sed
988 1072 1027 1148 in
1055 1091 1124 1147 tres
1147 1087 1273 1169 partes-
1288 1067 1356 1166 fir,
1380 1095 1532 1170 quatum
1565 1074 1645 1150 duta
1672 1066 1716 1149 fi·

178 1177 311 1256 militer
334 1165 510 1276 Episcopo
533 1176 572 1254 dt
593 1170 766 1275 capitulo
790 1174 940 1253 cadum.
965 1171 1059 1255 Vide
1082 1169 1177 1252 Ord.
1204 1191 1292 1271 127.

537 1344 1126 1476 onurntrto
1225 1368 1346 1454 ocn.

259 1594 261 1599 γ
716 1481 833 1561 Anno
860 1491 974 1583 ¹⁶⁰3·
1001 1501 1065 1582 30.
1090 1478 1173 1580 Jun.

173 1679 491 1868 COnfratribtu
516 1685 816 1810 congregationis
841 1685 1008 1809 Nominis
1033 1681 1114 1785 Jesu
1138 1683 1177 1759 in
1202 1678 1354 1802 Petusio
1372 1686 1489 1806 plures
1512 1683 1730 1804 concedar-2
1920 1630 1925 1637 ὁ

290 1807 348 1865 tur
373 1790 623 1895 indulgentia,
650 1812 729 1869 tum
755 1791 833 1891 rpsrs
859 1817 897 1868 tn
922 1816 964 1889 pe
1006 1808 1151 1878 eruum,
1179 1803 1257 1863 tum
1281 1805 1393 1862 ettam
1417 1791 1495 1864 ains
1521 1790 1567 1864 ad
1600 1811 1714 1884 vrgin-

170 1892 374 2095 {ipiiniousm
388 1890 505 2083 mr
530 1895 570 1971 in
596 1893 731 1975 Bullar.
757 1893 912 1975 Cherub.
940 1913 1030 1969 tom.
1058 1910 1095 1992 3.
1119 1887 1166 1967 C.
1193 1885 1257 1985 98.
1295 1889 1494 1969 Clementis
1517 1885 1626 1967 VIII.
1651 1887 1717 1963 In-.

597 2139 1103 2287 oaotuamo
1152 2193 1293 2278 cctn.

719 2307 828 2383 Anno
857 2312 966 2402 1603.
993 2327 1055 2380 20.
1080 2304 1175 2404 Aug.

170 2504 307 2685 UT
332 2500 623 2604 Archiepiscopus
648 2489 941 2600 Mexicanensn,
979 2524 1122 2583 necnon
1158 2505 1327 2589 Decanus
1351 2505 1389 2582 dt
1423 2497 1710 2579 Archidiacontu

296 2606 449 2697 ejusdem
475 2606 662 2703 Ecclesia,
687 2608 903 2686 Carmelitas
927 2609 1172 2695 Discalceatos
1195 2607 1389 2687 defendant
1413 2625 1541 2682 contra
1566 2623 1714 2679 conten·

170 2708 299 2782 dentes
324 2733 399 2782 non
423 2706 490 2786 elie
515 2735 628 2785 unum
659 2710 706 2786 de
730 2731 883 2809 quatuor
904 2709 1098 2787 Ordinibus
1122 2709 1435 2787 Mendicantibus.
1461 2704 1709 2801 statuiturque

170 2831 302 2882 eorum
341 2813 584 2909 prerogativae
620 2814 721 2889 nullo
760 2815 927 2914 temporis
950 2812 1117 2906 decursu,
1145 2815 1262 2891 aliove
1297 2807 1564 2910 prascriptionis
1598 2807 1711 2881 modo
1806 2876 1810 2882 .

170 2909 342 3005 deperdis
368 2936 480 3012 neque
507 2915 553 2988 ad
578 2913 809 3011 procefftones
834 2917 1000 3014 compelli
1027 2912 1144 3014 polle.
1178 2914 1293 2994 Extat
1318 2904 1357 2989 in
1382 2911 1515 2989 Bullar.
1550 2904 1709 2987 Cherub.

173 3028 268 3087 torn.
296 3032 332 3110 3.
359 3012 404 3089 C
434 3036 517 3089 rot.
544 3014 661 3092 Clem.
688 3015 797 3092 VIII.
823 3015 955 3115 Incipit
980 3022 1189 3092 Raraunum.

604 3213 1108 3296 ΟΚΒΙΝΑὛΙΟ
1157 3212 1290 3294 CCIV.

729 3323 840 3399 Anno
868 3324 982 3417 1603.
1010 3342 1044 3393 2.
1069 3318 1171 3416 Sept.

177 3519 308 3702 UT
332 3545 376 3598 ex
401 3514 592 3602 redditibus
602 3525 876 3627 parochiarum,
902 3547 980 3625 quar
1004 3523 1098 3625 apud
1109 3521 1219 3601 Indos
1231 3520 1399 3600 Dolirinae
1422 3535 1618 3612 vocantur,
1645 3514 1709 3597 firt

299 3629 516 3705 contributio
542 3655 608 3729 pro
633 3631 823 3723 seminario
847 3630 994 3706 deducta
1038 3628 1252 3709 arochorum
1276 3623 1551 3703 sustentatione.
1578 3618 1712 3698 Estde-
1761 3666 1763 3671 .

179 3747 315 3803 cretum
338 3728 635 3831 Congregationis
657 3732 814 3810 Concilii
840 3756 965 3808 coram
989 3655 1180 3808 oiemente
1204 3726 1335 3818 v111.‚
1361 3727 1457 3815 cujus
1482 3725 1648 3798 meminit
1679 3720 1712 3821 J
1773 3770 1812 3804 x

178 3824 220 3904 B.
248 3828 384 3906 Pittoni
413 3839 514 3925 (a),
540 3838 576 3912 dt
601 3830 762 3912 Pascucci
789 3833 881 3925 (b).
907 3832 955 3908 Et
981 3856 1035 3907 res
1058 3849 1157 3907 caret
1181 3829 1289 3904 dubio
1313 3827 1427 3900 stante
1451 3828 1596 3900 decreto
1615 3823 1716 3899 Con·

178 3930 251 4007 eilii
288 3933 491 4009 Tridentini
529 3940 623 4027 (c),
657 3959 699 4012 ut
725 3940 763 4012 in
788 3960 872 4010 eum
897 3932 1006 4008 finem
1041 3930 1289 4007 contribuatur
1314 3948 1358 4000 ex
1383 3923 1548 4000 fruitibus
1584 3924 1713 4000 mensae

175 4032 382 4133 episcopalis
407 4042 443 4112 ἃ
468 4034 639 4133 capituli,
664 4044 700 4116 dt
723 4057 1027 4135 quarumcumque
1050 4033 1290 4127 dignitatum,
1316 4025 1543 4118 officiorum,
1576 4026 1711 4126 priora·

175 4155 281 4210 tuum
307 4137 549 4237 cuiuscumque
573 4139 740 4232 ordinis,
775 4139 886 4214 etiam
926 4137 1127 4232 regularis,
1152 4139 1188 4210 bt
1212 4129 1442 4230 hospitalium
1466 4153 1543 4227 quar
1577 4128 1712 4205 dantur

175 4239 214 4311 in
242 4237 387 4311 titulum
413 4243 466 4312 vel
492 4240 868 4332 administrationem,
906 4243 942 4323 ὅ(
980 4234 1230 4311 beneficiontm
1255 4234 1366 4311 etiam
1391 4232 1639 4330 regularium,
1664 4250 1718 4306 et·

175 4337 279 4415 iamsi
305 4339 389 4428 juris
415 4360 621 4437 patronatus
647 4343 894 4441 cujuscumque
919 4338 1072 4416 fuerint.
1099 4330 1236 4433 Qribus
1261 4355 1550 4435 praeoccupantur
1586 4357 1714 4423 omnes

175 4437 412 4544 excusationis
439 4440 555 4528 tituli.
580 4447 639 4543 qui
666 4469 710 4523 ex
732 4447 907 4545 qualitate
933 4442 1191 4519 Dolirinarum
1216 4437 1351 4515 desumi
1383 4434 1545 4533 poffenm
1726 4522 1733 4530 .

281 4542 324 4617 In
349 4543 517 4619 Concilio
541 4543 697 4621 Limensr
723 4549 808 4625 anni
837 4543 933 4642 1583
963 4545 1035 4635 (d)
1059 4544 1212 4619 dicitur:
1238 4538 1459 4613 Authoritate
1485 4539 1506 4609 a
1541 4532 1712 4611 Concilio

179 4643 338 4736 (seilicet
365 4646 608 4738 Tridentino)
633 4647 792 4726 concessa
816 4646 999 4726 statuimus
1035 4644 1300 4724 &ordinamus
1336 4636 1645 4755 contributionem·
1665 4660 1729 4765 ex*

1584 4763 1660 4838 ‘lul‘

170 4856 1714 4904 mnu—*w*

213 4990 825 5115 (a)Pirtoni,cc.aed·i'iar.tramant:
876 5095 883 5112 ·
937 5011 946 5144 Ι
1003 5010 1425 5105 (elfrid.s.23.tap.rl.

216 5094 270 5166 (b)
289 5096 920 5185 Pascucc·c0m·tam.m.oesmnano.
1004 5090 1060 5165 (d)
1079 5093 1115 5154 c.
1131 5093 1208 5155 hm·
1225 5091 1296 5154 etti·
1318 5108 1345 5143 a·
1363 5103 1388 5149 c·
1409 5104 1457 5153 tt·
