3864 5686
391 348 463 427 ¹30
738 324 1429 424 ¹Onu-tunsiones·

390 472 485 565 (ιιι)
510 465 569 541 Ad
592 463 686 541 didiae
710 462 803 539 Sedis
828 463 1077 568 beneplacitum.
1102 465 1170 544 Per
1193 465 1287 545 hanc
1314 464 1508 545 clausulam
1534 462 1694 542 asseritur
1722 462 1880 544 'revoca-

337 569 454 648 bilitas
480 563 740 644 concessorum.
767 566 916 644 Censuit
940 573 1036 647 enim
1060 570 1097 646 S.
1123 569 1367 671 Congregatio
1391 574 1465 660 (a)
1506 593 1562 662 ¹9·
1601 566 1715 643 Mart.
1758 577 1876 663 1619.

247 670 249 674 .
337 665 681 876 {wspgiisenfi’
705 669 801 806 puod
827 673 980 766 Conceffla
1005 675 1051 749 ad
1074 672 1334 775 beneplacitum
1358 668 1473 764 fasta,
1499 669 1797 770 quandocumque
1821 694 1894 781 re·⁸

703 920 1498 1056 onntuas1oux

896 1080 1007 1156 Anno
1036 1099 1145 1180 1537.
1172 1102 1208 1156 2.
1233 1077 1314 1178 Jun.

414 1277 503 1355 Asta
528 1278 702 1357 relatione
725 1279 898 1381 quosdam
923 1284 995 1359 o‘rci
1013 1281 1179 1376 satellites
1214 1286 1279 1371 (1)
1315 1276 1552 1356 occidentales
1585 1281 1622 1357 bt
1656 1278 1880 1359 meridiona-

439 1383 487 1454 les
523 1380 633 1456 Indos
656 1380 719 1456 sub
742 1404 913 1480 praetextu
938 1387 1035 1482 quod
1059 1383 1140 1460 fidei
1178 1384 1366 1461 catholicae
1402 1398 1559 1480 expertes
1595 1379 1786 1475 existant,
1824 1383 1890 1471 uti,

337 1478 440 1556 bruta
468 1484 747 1572 animatior-rt)
774 1485 842 1559 illis
868 1483 1054 1561 servientia
1079 1509 1200 1584 urgere
1226 1484 1355 1561 Paulus
1391 1482 1535 1560 Tettius
1572 1483 1782 1576 attendens,
1809 1479 1874 1558 ln-
1916 1484 1920 1491 '

338 1581 405 1654 dos
430 1581 519 1678 ipsos
543 1603 583 1658 ut
610 1603 693 1682 pote
710 1608 818 1659 seros
842 1586 1006 1660 homines
1032 1642 1042 1676 ‚
1080 1611 1154 1661 non
1178 1585 1293 1662 solum
1318 1583 1400 1659 fidei
1428 1581 1615 1661 catholicas
1639 1607 1783 1680 capaces
1819 1582 1873 1658 es·

338 1679 396 1775 se,
421 1681 480 1757 sed
507 1685 553 1759 ad
578 1681 687 1759 fidem
724 1684 833 1783 ipsam
860 1687 1124 1786 promptissime*
1139 1696 1277 1763 crurere
1303 1690 1429 1780 (111),
1452 1687 1610 1761 decernit
1636 1709 1678 1758 ac
1715 1685 1881 1761 declarat

340 1780 402 1858 sua
428 1784 590 1861 libertate
616 1791 652 1862 dt
676 1811 793 1862 rerum
830 1786 970 1865 suarum
995 1790 1162 1865 dominio
1185 1795 1283 1880 (tv)
1307 1790 1461 1888 privatos
1486 1785 1544 1871 seu
1568 1785 1758 1884 privandos
1795 1800 1877 1862 non

349 1879 451 1979 csse,
488 1888 570 1962 licet
606 1906 705 1962 extra
731 1886 838 1964 fidem
862 1889 1028 1966 exiliant:
1055 1893 1130 1967 imo
1152 1890 1315 1967 libertate
1339 1894 1376 1968 bt
1400 1888 1562 1965 dominio
1587 1888 1640 1962 uti
1666 1887 1783 1986 polla,
1809 1910 1880 1965 nec

339 1988 380 2063 in
412 1984 616 2063 servitutem
641 1989 752 2085 redigi
778 1989 925 2081 debere,
953 2017 994 2067 ac
1020 1995 1187 2093 quidquid
1220 1991 1316 2070 secus
1351 1989 1428 2067 fieri
1463 1990 1691 2087 contigerit,
1730 1990 1876 2065 irritum

336 2083 408 2161 effe·
439 2091 476 2164 bt
511 2091 646 2166 inane.
684 2090 769 2165 Non
801 2091 1014 2172 obstantibus
1032 2092 1317 2197 ,quibuscumque
1350 2147 1361 2170 .
1399 2090 1511 2170 Extat
1548 2092 1642 2189 apud
1667 2088 1879 2168 Hatoldum·

333 2185 446 2279 (b).
483 2187 614 2290 Incipit
639 2192 775 2266 Veritas
799 2191 891 2292 ipsa.
1319 2206 1322 2211 “
1503 2200 1505 2204 ’
1545 2244 1548 2251 =
1879 2246 1887 2277 ,

760 2399 1457 2478 ADNOTATIONES...
1545 2409 1570 2453 -’

388 2597 454 2682 (1)
478 2593 562 2669 Orci
585 2597 776 2672 satellites.
802 2597 1065 2678 Perexcessum
1093 2602 1137 2678 ab
1160 2600 1335 2702 Episcopo
1368 2597 1560 2699 Chiapensr
1596 2600 1663 2690 (r)
1699 2593 1870 2697 scriptum

335 2690 406 2771 cli:
433 2699 590 2791 Aqaellas
615 2718 735 2802 gentes
759 2700 811 2773 las
836 2705 1122 2778 encomendaron
1148 2705 1169 2779 it
1194 2707 1249 2778 los
1273 2701 1490 2800 Espafioles,
1515 2724 1623 2776 corno
1658 2695 1686 2773 st
1722 2701 1776 2773 las
1812 2723 1874 2774 en·

337 2793 581 2870 comenddran
606 2797 628 2870 a
654 2798 758 2873 todos
781 2802 836 2874 los
860 2803 1002 2878 diablus.
1027 2803 1168 2883 Dodor
1201 2803 1356 2900 Joannes
1389 2801 1559 2882 Genefius
1593 2803 1638 2876 de
1672 2799 1876 2898 Sepulveda
1911 2803 1914 2808 ’

339 2897 416 2984 (d)
444 2896 479 2968 in
500 2895 778 2994 <Disceptati0ne
803 2926 885 2978 cunr
912 2903 1108 3005 Chiapenfi
1132 2909 1295 2983 dixerat:
1320 2911 1374 2981 da
1397 2907 1494 2982 Bulla
1519 2905 1564 2979 de
1588 2899 1704 2978 Paulo
1734 2899 1879 2977 Terce·.
1899 2904 1913 2921 ”

335 3021 378 3072 to
402 3021 452 3072 no
478 2994 536 3071 site
560 2997 655 3075 dada
682 2998 759 3076 srno
785 3023 912 3079 contra
939 3005 1123 3101 soldados‚
1148 3033 1216 3109 que
1239 3007 1291 3084 srn
1318 3007 1504 3085 autoridad
1527 3005 1586 3080 del
1610 3002 1771 3101 Principe
1805 3002 1877 3078 has

334 3099 416 3173 cian
442 3096 604 3192 esclavos.
632 3097 768 3198 Quodsr
803 3102 975 3206 Principis
1015 3111 1212 3187 intercedat
1250 3109 1469 3200 authoritas,
1495 3125 1596 3209 putat
1631 3103 1738 3180 Indos
1772 3103 1876 3188 licite
1907 3102 1911 3109 ’

335 3199 526 3294 debellati,
553 3205 590 3279 bt
615 3203 869 3302 consequenter
894 3209 930 3283 in
967 3206 1168 3289 servitutem
1195 3212 1304 3309 redigi
1339 3231 1492 3311 quatuor
1525 3210 1570 3284 de
1596 3204 1740 3297 caulis,
1768 3230 1876 3310 prop

334 3301 744 3396 rade11o2,maxi1ne
780 3329 906 3385 contra
945 3331 1133 3388 naturam:
1159 3333 1302 3413 propter
1327 3311 1606 3410 stupiditatem:
1645 3328 1687 3383 ut
1710 3306 1877 3404 deinceps

333 3397 472 3478 sacilius
496 3426 790 3482 converterentur
816 3411 861 3483 ad
887 3407 1015 3486 sidem:
1040 3420 1075 3491 u
1102 3434 1242 3513 propter
1269 3413 1411 3503 injurias
1437 3409 1682 3487 innocentibus
1717 3409 1876 3506 iptorum

333 3498 491 3576 illatas.
517 3498 682 3599 Qtarum
707 3510 890 3585 rationum
915 3535 1028 3612 neque
1060 3517 1268 3614 aequitatcm
1304 3512 1459 3590 defendo
1485 3567 1496 3605 ,
1535 3535 1649 3610 neque
1684 3507 1876 3587 censuram

275 3698 279 3705 ἱ
335 3601 468 3699 probe,
493 3607 635 3703 qualem
661 3605 793 3708 profert
820 3610 1010 3711 Episcopus
1035 3623 1101 3704 (e)
1128 3617 1214 3692 dnm
1241 3618 1292 3691 ait
1318 3644 1328 3690 ι
1353 3624 1417 3690 San
1442 3632 1501 3690 tan
1538 3635 1701 3688 enormes
1737 3613 1791 3686 los
1816 3634 1875 3686 er-

328 3723 462 3796 tores,
508 3725 532 3800 y
575 3709 831 3807 propositiones
867 3711 1108 3793 escandalosas
1150 3721 1297 3793 contra.
1314 3718 1400 3793 toda
1449 3715 1578 3790 verdad
1625 3711 1825 3810 evangelica
1857 3766 1876 3805 ,

330 3826 356 3898 y
379 3822 504 3881 contra
530 3809 616 3897 toda
641 3810 878 3891 christiandad
900 3820 1082 3893 envueltas
1101 3845 1124 3915 y
1150 3819 1313 3916 pintadas
1336 3843 1405 3894 con
1426 3815 1517 3893 salso
1541 3815 1619 3891 zelo
1643 3816 1701 3891 del
1720 3812 1874 3888 servicio

332 3907 429 3998 real,
456 3907 674 4006 dignissimas
697 3915 743 3988 de
766 3913 937 3995 senalado
961 3918 1114 4022 castigo,
1139 3946 1161 4018 y
1187 3919 1369 3996 duriffima
1404 3914 1680 4021 reprehcnfion,
1716 3935 1785 4015 que
1811 3939 1874 3990 ac·

326 4004 471 4083 cumtila
497 4012 531 4082 el
554 4013 701 4106 Dodior,
727 4010 792 4094 &a

430 4107 565 4220 Verum
589 4111 758 4189 Dodoris
793 4120 984 4213 rationes,
1019 4122 1055 4196 in
1091 4141 1279 4222 quartam
1320 4124 1448 4197 acriter
1476 4118 1681 4210 invehitur,
1714 4140 1759 4192 ex
1785 4141 1871 4213 par-

326 4205 972 4410 nu
989 4221 1107 4400 sn
1244 4218 1526 4402 tisun
1716 4214 1872 4413 nn

1096 4350 1217 4402 sanans
1799 4346 1809 4392 ε

328 4401 411 4480 fidei
438 4409 724 4505 predicatoribus
748 4414 897 4495 scienter
921 4419 1106 4501 obsrllant:
1132 4432 1169 4505 dt
1192 4426 1335 4516 injurias
1361 4345 1611 4498 innocentibus
1632 4424 1773 4500 illatas.
1816 4418 1870 4496 11-

326 4505 388 4583 lud
414 4505 648 4607 etcertum,
674 4517 730 4601 Re
756 4518 783 4592 is
806 4519 987 4600 Catholici
1012 4529 1159 4604 nomine
1183 4551 1365 4626 nunquam
1392 4523 1552 4602 adversus
1580 4523 1688 4600 Indos
1725 4522 1865 4600 bellum

325 4624 388 4684 aut
414 4613 660 4708 captivitatem
684 4644 704 4696 e
730 4644 751 4695 e
776 4619 917 4701 decreta
943 4648 985 4701 ca
1011 4628 1056 4704 dc
1081 4626 1211 4722 causa,
1253 4653 1330 4729 quse
1354 4629 1392 4703 in
1417 4627 1576 4728 presenti
1611 4621 1868 4704 constitutione

1688 4751 1808 4824 repro·

362 4895 401 4965 (a)
412 4900 440 4954 S.
450 4901 481 4956 C.
493 4902 573 4966 apua
582 4903 882 4976 reinstaurato.
890 4921 1062 4986 numos·
1145 4915 1206 4985 (d)
1227 4917 1343 4982 Sepusv·
1362 4919 1440 4984 apud
1456 4916 1556 4985 Chiae·
1570 4917 1610 4975 dd
1631 4935 1675 4968 ¹²·
1689 4914 1797 4985 oblisi·

331 4988 336 4995 ·
360 4970 415 5041 (b)
432 4977 516 5035 Lim
534 4977 630 5038 limat.
645 4997 712 5052 ma
734 4989 800 5053 ηε.
1022 5010 1026 5021 ·
1144 4991 1201 5062 (e)
1222 4992 1361 5062 estapens
1379 4997 1419 5055 ad
1439 4994 1595 5062 objeliiom‘s
1611 5001 1713 5065 fiuent,

361 5049 536 5152 (clamp-
550 5055 634 5122 Ptop.
655 5063 700 5114 ιι.
719 5061 764 5123 De
783 5062 827 5123 las
848 5083 896 5136 3⁰·
1001 5087 1026 5095 ·’
1145 5067 1195 5144 (sl
1214 5072 1287 5134 Vide
1300 5075 1392 5146 supra
1411 5073 1482 5135 Ora.
1502 5077 1536 5137 X·
1556 5072 1668 5132 cadunt·
1693 5094 1719 5136 r·
