3856 5678
240 316 320 395 444
672 282 1252 364 Onotnstrtontss

188 456 249 530 per
278 456 379 506 voces
410 425 598 527 prohibetur
622 478 632 517 ,
658 425 916 518 interdicitur,
945 422 983 519 se
1008 425 1159 525 ingerant
1183 478 1194 517 ,
1215 423 1252 519 se
1278 419 1523 517 immisceant,
1551 421 1591 496 in
1618 436 1715 499 texttt

187 535 330 633 proprio
356 529 619 604 constitutionis
646 528 841 603 adhibitas.
868 524 966 623 Qtid
990 528 1074 601 vero
1101 527 1353 623 negotiationis
1378 533 1636 604 &mercaturae
1656 548 1714 601 no·

193 636 292 709 mine
318 629 528 731 significetur
554 631 707 727 explicat
735 650 848 705 textus
874 631 911 704 in
936 628 1028 704 Can.
1057 629 1222 725 Eiiciens,
1249 628 1302 704 D.
1328 626 1620 745 8.:'''Qiessmpue
1644 647 1714 701 tem

194 754 406 835 comparat,
433 759 507 807 non
532 752 572 808 ut
599 733 649 807 ita
687 733 864 830 integram
902 733 1200 829 immutatamque
1225 730 1353 805 vendat
1378 785 1389 822 ,
1416 730 1474 804 sed
1499 747 1540 803 ut
1571 727 1718 802 materia

192 833 255 913 stbi
281 831 324 911 stt
352 836 433 910 inde
461 835 593 933 aliquid
618 835 811 929 operandi,
838 835 895 909 ille
920 857 994 907 non
1019 831 1305 930 estnegotiatot3
1329 826 1392 930 qni
1418 832 1601 906 vesorem
1622 852 1714 907 com-

190 958 316 1037 parat,
343 958 383 1013 ut
412 938 587 1033 integram
613 939 649 1012 dt
675 936 906 1011 immutatam
932 932 1115 1008 vendendo
1142 938 1319 1026 lucretur,
1348 935 1407 1009 ille
1432 930 1480 1006 est
1506 947 1694 1006 mercator.

293 1037 490 1116 Trifariam
514 1036 696 1134 distinguit
722 1039 1007 1135 negotiationem
1032 1038 1161 1110 ciratus
1189 1036 1341 1110 author.
1370 1034 1601 1123 politicam,
1638 1034 1716 1110 dum

189 1162 373 1219 exercetur
399 1141 444 1216 ad
469 1137 742 1215 subveniendum
768 1138 914 1235 publicis
939 1135 1221 1228 necessitatibus,
1249 1140 1349 1212 lucro
1375 1138 1475 1212 nullo
1513 1156 1664 1232 accepto
1684 1138 1717 1211 in

190 1264 229 1321 re
256 1265 399 1343 empta.
426 1238 569 1336 Quam,
597 1241 733 1339 inquit,
760 1241 876 1316 nullus
902 1239 1040 1315 dubitat
1068 1241 1108 1313 in
1132 1240 1265 1313 clericis
1290 1236 1358 1311 esse
1385 1237 1640 1329 'laudabilem,
1663 1260 1717 1313 nc·

192 1346 281 1423 dum
308 1347 468 1420 licitam.
496 1343 795 1434 OEconomicam,
833 1342 891 1416 ubi
926 1343 1003 1440 quis
1029 1341 1115 1416 emit
1143 1338 1212 1416 suae
1250 1338 1397 1416 samiliae
1431 1336 1647 1430 necessaria,
1677 1338 1718 1414 de

192 1448 291 1536 cuius
317 1443 573 1522 sustentatione
601 1441 713 1542 siquid
739 1444 864 1518 deinde
899 1440 1077 1540 superfit,
1114 1443 1244 1539 poterit
1272 1445 1402 1518 iterum
1427 1442 1532 1516 vendi
1561 1492 1571 1514 .
1603 1438 1647 1514 Et
1678 1440 1719 1515 ad

199 1550 391 1625 materiam
416 1547 518 1634 hujus
543 1546 774 1620 oeconomicae
800 1546 1052 1643 negotiationis
1079 1541 1183 1618 refert
1209 1546 1399 1620 nonnullas
1423 1543 1542 1620 Sacra
1576 1538 1719 1639 Congrc·

198 1652 354 1750 gationis
379 1646 609 1723 resolutiones
635 1648 673 1721 in
697 1672 769 1721 una
791 1644 1084 1738 NeoCallrenst,
1112 1645 1170 1720 ubi
1196 1645 1341 1746 quaesrto
1368 1670 1432 1743 pro
1458 1664 1561 1740 parte
1586 1646 1716 1721 clerico

200 1778 305 1844 rum,
339 1776 369 1826 t.
398 1752 456 1825 An
483 1750 588 1825 liceat
616 1768 725 1826 terras
750 1750 1015 1848 patrimoniales
1041 1754 1077 1824 dc
1100 1745 1319 1823 beneficiales
1344 1771 1405 1845 per
1431 1745 1551 1823 laicos
1576 1749 1687 1822 colere
1703 1749 1719 1837 ἒΙ

202 1874 236 1929 2.
264 1856 322 1929 An
349 1878 414 1951 pro
439 1848 629 1928 necessario
655 1850 801 1926 cultura
826 1849 889 1925 usu
915 1847 1049 1950 pollent
1075 1872 1192 1925 emere
1218 1850 1385 1928 boves&
1411 1851 1482 1926 alia
1519 1849 1714 1940 animalia,

201 1954 369 2032 &scetus
396 1956 539 2031 illorum
567 1952 745 2030 vendere?
775 1973 807 2048 3.
836 1953 946 2027 Anii
973 1954 1031 2049 qui
1060 1953 1096 2026 in
1122 1954 1270 2050 propriis
1296 1953 1398 2028 bonis
1423 1951 1559 2029 habent
1583 1975 1715 2051 quercus

204 2063 239 2134 dr
265 2055 469 2147 castaneas,
519 2056 649 2133 uoruln
673 2052 836 2132 frunitus
861 2048 935 2129 sues
961 2053 1166 2147 vescuntur,
1190 2052 1318 2153 possent
1344 2052 1419 2129 sues
1438 2077 1574 2145 emere,
1599 2052 1718 2150 eosque

201 2159 318 2248 alere,
344 2162 380 2235 dt
406 2182 469 2253 pro
495 2083 641 2233 iamiliae
666 2154 917 2232 sustentatione
945 2156 1120 2246 vendere?
1147 2178 1183 2250 4.
1213 2158 1270 2230 An
1296 2157 1379 2231 dini
1407 2156 1524 2231 clerici
1556 2178 1638 2232 cum
1663 2151 1713 2230 so-

200 2259 256 2333 liis
280 2257 422 2334 suarum
450 2257 640 2350 arborum,
668 2256 795 2356 poffint
822 2257 859 2331 in
886 2256 1015 2347 aedibus
1041 2259 1189 2358 propriis
1216 2259 1285 2333 arti
1311 2256 1429 2334 sericae
1453 2281 1600 2356 operam
1622 2256 1712 2347 date,

204 2363 258 2435 vel
285 2360 383 2435 idem
407 2383 495 2457 opus
521 2361 624 2436 alteri
652 2360 698 2434 ad
724 2359 955 2435 medietatem
982 2359 1237 2435 committere?

305 2463 363 2536 Ad
402 2466 525 2539 omnia
562 2458 739 2561 respondit
771 2458 1016 2560 congregatio
1050 2460 1205 2536 Concilii
1241 2460 1455 2539 affirmative
1486 2480 1658 2562 quantum
1677 2459 1715 2535 ad

201 2564 486 2661 negotiationem
522 2565 698 2661 pertinet.
734 2561 796 2639 De
829 2563 1077 2665 negotiatione
1102 2565 1308 2658 lucrativa,
1334 2582 1411 2664 qua
1435 2563 1476 2642 fit
1513 2559 1715 2643 lucricausa

198 2667 300 2741 nullo
327 2664 489 2739 adhibito
514 2654 691 2755 artificio,
728 2689 800 2762 quo
833 2665 985 2740 materia
1011 2686 1193 2759 mutetur,
1219 2669 1335 2743 nullus
1359 2667 1533 2762 dubitat,
1566 2667 1652 2767 quin
1683 2661 1719 2738 fir

202 2765 390 2841 interdieta
417 2765 574 2858 clericis,
600 2767 757 2863 &quod
783 2765 967 2844 Interdida
992 2768 1105 2843 eriam
1129 2765 1213 2844 esset
1240 2771 1390 2868 antiquo
1416 2770 1489 2860 iure
1523 2792 1721 2846 commum.

198 2865 261 2942 Ad
285 2865 387 2941 illam
413 2862 520 2941 refert
546 2889 590 2941 ett
615 2864 790 2943 sententia
814 2866 931 2945 sacra
955 2868 1062 2948 Rotae
1096 2871 1285 2971 pecuniam
1311 2870 1571 2955 coenubium
1603 2871 1722 2946 dare.

203 2966 250 3041 Id
276 2966 372 3066 quod
398 2965 633 3044 telenense
658 2965 766 3046 XIII.
792 2970 830 3045 in
856 2970 916 3046 cit.
943 2968 1210 3049 Constitutione
1244 2975 1466 3051 declaratum
1489 2973 1537 3050 est
1572 2973 1643 3050 ibi:
1668 2977 1723 3048 De·

193 3070 357 3162 finimus,
383 3068 546 3148 cannam
571 3070 728 3148 atiioane
752 3072 809 3164 effe
833 3089 958 3149 nature
976 3070 1042 3169 san
1067 3072 1181 3151 anam
1201 3102 1290 3153 vere
1315 3076 1568 3175 negotiationis,
1594 3081 1632 3156 dt
1648 3097 1721 3154 cott-

198 3168 381 3269 sequenter
406 3173 520 3272 poenis
546 3198 635 3250 verae
660 3174 916 3272 negotiationis
942 3175 1172 3254 obnoxium.
1428 3262 1433 3276 ,

177 3360 180 3365 ,
303 3273 348 3349 In
374 3299 470 3351 novo
497 3274 661 3375 Hispano
686 3274 772 3372 Jure
797 3280 876 3368 (a)
903 3278 1054 3353 dicitur:
1080 3282 1221 3354 Formnl
1244 3282 1482 3379 negociacion
1506 3306 1562 3359 no
1585 3277 1658 3360 esti
1678 3276 1724 3355 Io·

202 3376 240 3453 lo
265 3375 395 3453 cetiida
422 3379 458 3451 al
484 3379 563 3454 ado
587 3377 667 3454 solo
692 3381 736 3456 de
763 3402 909 3476 compta
936 3406 959 3471 y
985 3399 1089 3456 venta
1116 3405 1161 3457 en
1187 3383 1223 3456 la
1247 3382 1375 3460 misma
1401 3383 1561 3482 especie,
1595 3382 1727 3485 quando

200 3500 248 3553 en
273 3479 309 3552 la
335 3501 412 3552 mas
437 3477 561 3574 segusa
586 3479 736 3578 opinion
762 3477 1065 3558 uniformemente
1088 3482 1280 3561 observada
1316 3509 1361 3561 en
1386 3485 1478 3563 ellos
1513 3488 1660 3580 reinos,
1691 3481 1725 3559 se

202 3596 349 3651 contrae
374 3599 419 3651 en
446 3577 482 3652 la
508 3578 553 3652 de
578 3575 693 3653 frutos
719 3580 764 3654 de
789 3583 911 3656 tierras
931 3583 1142 3659 arrendadas
1174 3588 1400 3664 unicamente
1425 3613 1491 3685 por
1518 3591 1555 3667 la
1577 3589 1728 3664 redolen-

202 3680 257 3752 cia
283 3678 328 3752 de
353 3675 534 3753 avaricia.
562 3676 609 3754 Et
635 3680 795 3776 quamvis
822 3683 946 3778 aliquis
972 3683 1132 3760 dubitare
1160 3689 1266 3781 velit,
1294 3714 1381 3765 num
1411 3692 1493 3765 talis
1530 3691 1731 3791 prediorum

92 3797 97 3810 ·
202 3778 396 3856 mutuato
421 3805 485 3879 pro
523 3781 716 3858 vendendis
750 3779 915 3859 sruilibus
940 3782 982 3862 stt
1009 3785 1131 3862 strido
1168 3791 1390 3885 negotiatio,
1417 3793 1583 3869 dubitare
1619 3793 1731 3890 nequir

202 3878 268 3958 effe
294 3880 580 3980 negotiationem
606 3881 808 3960 formaliter
833 3885 1059 3982 prohibitam
1075 3889 1149 3980 jure
1175 3894 1353 3969 canonico
1377 3890 1439 3968 sub
1474 3895 1730 3971 interminatio

201 4008 247 4060 nc
272 3983 515 4061 anathematis
540 4010 611 4084 cap.
639 3993 675 4063 6.
703 3988 755 4062 Ne
780 3989 856 4061 cler.
883 3991 1074 4084 vermen,
1102 3990 1172 4067 ibi:
1210 3993 1276 4071 Sub
1301 3997 1572 4070 interminatione
1607 3998 1732 4071 anasle-

200 4088 307 4161 nentis
328 4085 558 4183 prohibemus,
584 4113 623 4160 ne
648 4087 760 4162 elerici
784 4093 843 4164 vel
866 4093 1017 4165 monachi
1041 4090 1138 4186 caasa
1164 4096 1252 4170 lucri
1277 4099 1515 4196 negotientur:
1543 4093 1586 4178 θ’
1611 4126 1651 4179 ne
1671 4124 1733 4173 sno

203 4188 301 4259 necbi
324 4189 382 4260 vel
407 4181 429 4258 i
454 4189 584 4262 clericis
609 4190 668 4262 vel
690 4186 713 4259 i
739 4191 837 4263 laicis
853 4193 978 4279 firmas
1005 4191 1165 4269 habeant.
1192 4193 1277 4293 Qto
1294 4202 1440 4275 nomine
1456 4203 1591 4291 fientes
1613 4186 1738 4302 prendit

204 4283 447 4385 significantur
472 4287 666 4380 condutta,
694 4307 735 4364 ut
760 4312 804 4364 ex
830 4291 979 4368 venditis
1005 4291 1170 4373 fructibus
1196 4301 1335 4377 lucrum
1360 4299 1445 4377 fiat.

307 4384 355 4461 Et
382 4383 473 4461 inser
498 4385 609 4480 hinc,
634 4388 731 4489 quod
757 4391 886 4487 liceat,
913 4396 968 4468 vel
993 4423 1068 4473 non
1092 4401 1226 4476 clericis
1252 4404 1305 4478 vel
1340 4402 1532 4481 monachis
1563 4405 1654 4481 circa
1679 4401 1739 4477 de-

204 4489 380 4564 cimarum
408 4488 702 4585 conludionem,
728 4494 774 4568 de
797 4518 868 4593 qua
894 4493 995 4594 supra
1022 4496 1112 4574 Ord.
1145 4501 1226 4598 178.
1255 4504 1462 4593 Adnota..
1489 4511 1528 4589 δι
1550 4504 1640 4583 Ord.
1654 4525 1738 4601 127.

205 4590 341 4667 Adnot.
373 4613 432 4666 ιι.
459 4590 598 4690 Nempe
623 4595 795 4671 illicitum
831 4594 881 4672 est
918 4599 1167 4681 monachis&
1201 4608 1336 4684 clericis
1361 4609 1590 4687 decimarum
1624 4633 1739 4686 cumu-

204 4694 283 4768 lum
309 4690 370 4769 tibi
399 4718 629 4796 comparare,
657 4717 698 4777 ut
723 4700 934 4778 minutatim
960 4702 1177 4782 vendantur.
1207 4705 1381 4788 Illicitum
1404 4709 1455 4790 est
1480 4734 1652 4793 armenta
1686 4714 1735 4787 de·

1588 4841 1699 4894 erma

212 4922 1742 4973 w

248 5027 310 5100 (a)
331 5027 416 5093 Ten.
426 5054 452 5103 t·
469 5035 566 5103 Recta
577 5037 613 5097 ete
624 5038 759 5111 Catillo,
769 5042 1028 5109 Aueosecordds‘d·
1038 5045 1148 5112 &lete
1160 5049 1303 5122 rtet-lii·
1313 5071 1343 5123 5·
1353 5054 1403 5119 rie.
1414 5058 1593 5136 raderet.
