3864 5686
550 349 1058 429 Arostotrcra.
1117 360 1387 451 1500.1563.
1643 353 1692 448 89

627 592 1307 707 aanorarrours

199 854 205 859 -
246 797 850 900 (1)Envirtud.Hincpatet,
886 800 979 875 unde
1016 800 1089 874 vim
1123 797 1278 876 habeant
1303 800 1444 896 Regum
1468 796 1741 877 Catholicotunt

188 905 296 1002 leges
323 925 400 998 quae
425 901 583 998 plurimae
608 899 690 977 sunt
714 905 759 976 de
784 903 884 976 rebus
910 901 1148 978 ecclesiasticis
1175 901 1394 992 indiarum,
1422 922 1461 974 ut
1486 903 1558 976 hac
1585 908 1738 978 materia

195 1006 362 1101 integros
388 1003 671 1100 Recopilationis
698 1006 821 1079 titulos
848 1003 1056 1096 absorbeat,
1083 1010 1118 1081 bt
1145 1025 1260 1079 toturn
1287 1001 1362 1077 sere
1388 1003 1517 1076 librum
1549 1006 1740 1102 primum,

191 1129 327 1208 prater
350 1111 394 1179 ea
418 1129 494 1202 quat
519 1104 700 1203 potestatis
724 1107 953 1180 oeoonomicae
979 1109 1117 1203 propria
1139 1104 1242 1180 sunt.
1268 1106 1409 1181 Scilicet
1434 1103 1594 1181 feruntur
1613 1109 1668 1181 hae
1688 1110 1739 1180 le-

192 1232 262 1308 3oe
288 1208 325 1279 itt
348 1208 483 1281 virtute
508 1205 591 1294 juris
615 1206 832 1282 ecclesiastici
869 1208 1014 1298 alicujus
1052 1208 1089 1280 in
1114 1207 1263 1282 decretis
1290 1205 1502 1304 pontificiis,
1532 1230 1593 1283 aut
1620 1208 1739 1283 conci·

196 1309 348 1386 liaribus
373 1309 581 1400 emicantis,
608 1302 758 1407 scripti,
795 1331 856 1384 aut
893 1302 956 1382 usu
981 1308 1296 1385 &consuetudine
1333 1308 1541 1405 praescripti,
1582 1311 1618 1383 in
1643 1333 1743 1384 cere·

205 1409 443 1501 monialibus,
472 1430 532 1484 aut
558 1412 669 1483 etiam
706 1410 979 1508 obligationibus
1014 1410 1175 1500 justitia,
1203 1414 1256 1483 vel
1282 1412 1366 1500 juris
1392 1413 1500 1485 divini
1538 1417 1574 1489 dt
1599 1433 1742 1487 natura-

203 1515 269 1611 lis,
293 1536 448 1615 quonam
472 1513 720 1586 executionem
744 1532 852 1609 urget
870 1513 1102 1587 nihilominus
1129 1511 1291 1611 Princeps
1317 1532 1357 1586 ut
1384 1513 1576 1609 plurimum
1611 1538 1739 1614 rogan-

201 1614 254 1692 do
277 1618 314 1692 dt
338 1608 545 1703 hortando,
572 1611 751 1687 interdum
776 1615 888 1688 ctiam
913 1615 1121 1687 mandando
1147 1621 1184 1690 dc
1208 1614 1433 1688 ordinando.

204 1734 207 1761 ³
307 1714 364 1792 Et·
383 1714 469 1788 hinc
493 1713 672 1790 dirimitur
697 1715 843 1793 dubium
867 1716 962 1813 quod
987 1717 1140 1810 pluribus
1155 1717 1417 1797 raliitrailant,
1445 1740 1492 1790 art
1519 1718 1621 1812 regiae
1645 1715 1741 1791 sche-

201 1818 324 1911 dulae,
349 1836 389 1890 ut
417 1817 618 1914 appellant,
646 1817 683 1888 de
707 1822 860 1914 Ruegoy
886 1821 1034 1915 Eacargo
1057 1818 1102 1889 de
1128 1817 1228 1891 rebus
1252 1814 1491 1891 ecclesiasticis
1518 1824 1552 1894 b<
1579 1817 1740 1916 spiritua-

205 1920 293 1995 libus
332 1918 379 1992 ad
415 1914 664 1992 ecclestasticos
702 1923 737 1995 δ(
773 1917 954 2013 religiosos
992 1920 1129 1992 direelae
1155 1922 1229 1992 tim
1264 1918 1421 1993 habeant
1456 1918 1676 2018 obligantem
1703 1920 1741 1994 ita

209 2019 453 2097 conscientia?
478 2017 622 2093 Habent
647 2019 777 2118 plane,
802 2040 974 2117 quatenus
999 2020 1257 2118 obligationem
1283 2021 1464 2095 inculcant
1500 2020 1742 2096 ecclesiasticis

210 2123 352 2201 aliunde
378 2122 647 2197 imminentem.
674 2121 735 2195 De
760 2147 831 2220 quo
857 2122 934 2196 ride
969 2120 1203 2197 Solorzanum
1228 2128 1323 2214 (a).
1343 2123 1496 2221 ⁴Nempe
1522 2124 1744 2213 Rettpnomi-¹

210 2227 302 2300 mine
328 2227 366 2300 dt
390 2244 429 2297 re
453 2221 665 2298 Catholicus
690 2220 739 2297 est
765 2225 972 2299 advocatus
998 2229 1034 2298 dt
1061 2221 1239 2299 protestor
1264 2222 1453 2313 Ecclesia,
1480 2226 1575 2314 cuius
1598 2225 1743 2300 causam

212 2329 305 2426 egit,
329 2325 420 2399 dum
445 2322 756 2399 ecclesiasticorum
782 2350 965 2399 canonum
990 2328 1238 2400 executionem
1267 2326 1413 2400 indicit.
1443 2326 1535 2399 Vide
1565 2325 1619 2399 Μ.
1646 2327 1744 2401 Hen-

211 2430 324 2504 ticum
348 2425 473 2500 florez
499 2426 570 2513 (b)
597 2429 656 2523 qui
684 2427 720 2500 in
745 2425 896 2500 eandem
922 2427 1102 2500 rationem
1128 2426 1233 2500 habet
1260 2426 1464 2524 sequentia:
1492 2426 1595 2513 Potell
1620 2453 1742 2502 occur·

214 2553 285 2605 rere
311 2523 409 2604 casus
432 2553 506 2624 quo
531 2524 682 2626 episcopi
709 2528 753 2602 ad
779 2529 1028 2601 celebrandam
1065 2524 1237 2620 synodum
1265 2527 1571 2621 adstringantura
1612 2527 1744 2603 Princi-

215 2655 279 2730 pe,
305 2629 387 2726 puri
411 2626 438 2702 st
464 2628 607 2727 publicis
631 2627 946 2704 ecclesiasticorum
970 2626 1065 2703 vitiis
1090 2629 1224 2702 mederi
1249 2631 1466 2727 negligerent
1481 2683 1622 2703 .......
1651 2630 1741 2705 Non

216 2731 310 2830 quod
333 2727 518 2830 spiritualis
544 2729 587 2805 fit
613 2733 707 2828 regia
733 2721 946 2824 iurisdiikim
971 2729 1029 2804 sed
1055 2733 1138 2828 quia
1164 2732 1233 2820 juri
1258 2730 1421 2828 supremo
1449 2731 1589 2806 additu
1614 2731 1663 2807 est
1687 2758 1744 2806 ec—

219 2829 324 2908 clestae
358 2833 549 2929 protectio:
587 2837 623 2910 bt
659 2835 695 2907 in
724 2835 785 2908 illo
811 2833 891 2909 ctsu
926 2853 966 2908 ut
992 2834 1111 2928 legum
1138 2833 1158 2905 i
1189 2831 1249 2906 SS.
1277 2831 1437 2905 Patribus
1473 2831 1745 2908 constitutarum

221 2955 414 3112 &gum
435 2951 636 3031 operantur.
662 2934 831 3035 Citatque
856 2933 1033 3012 Isidorum
1050 2930 1053 2936 ’
1069 2932 1141 3028 (c')
1168 2939 1213 3012 δι’
1228 2934 1465 3032 Augustinum
1502 2955 1630 3013 contra
1654 2929 1743 3012 Cre‘·

295 3063 396 3113 tum.

309 3139 430 3214 Porro
454 3138 572 3219 aliena
596 3162 671 3212 non
695 3136 762 3214 esse
788 3166 809 3214 a
833 3137 993 3236 Principe
1017 3136 1222 3215 Christiano
1258 3137 1460 3229 hujusmodi
1486 3139 1637 3232 officia,
1664 3163 1748 3215 con·

225 3239 277 3317 flat
300 3266 348 3317 ex
376 3240 556 3335 provincia
579 3241 667 3313 data
693 3266 753 3338 per
778 3241 970 3316 Nicolaum
997 3241 1048 3314 ΙΙ.
1074 3243 1108 3314 8.
1134 3239 1305 3313 Eduardo
1330 3244 1529 3337 Anglorum
1564 3241 1679 3337 Regi,
1706 3261 1746 3315 ut
1873 3262 1879 3274 ‘

223 3342 320 3418 refert
347 3340 519 3416 Ealredus
544 3341 582 3415 in
607 3342 678 3432 ejus
704 3343 787 3418 Vita
815 3345 906 3440 apud
932 3342 1102 3416 Natalem
1124 3342 1367 3416 Alexandrum
1394 3343 1466 3430 (d)
1494 3365 1554 3440 per
1572 3340 1647 3416 hac
1670 3362 1746 3418 ver·

220 3443 278 3520 ba:
305 3443 403 3519 Vobis
428 3443 512 3518 verb
537 3447 573 3519 dt
606 3443 749 3541 posteris
776 3443 890 3518 restris
926 3443 1081 3540 Regibus
1107 3443 1366 3520 committimus
1405 3445 1677 3519 advocationem
1710 3451 1749 3522 ⁴&
1859 3468 1862 3473 ·

222 3547 407 3622 tuitionem
433 3543 585 3633 eiusdem
610 3545 708 3638 loci,
734 3551 770 3622 dt
795 3546 957 3619 omnium
984 3545 1122 3642 Angliae
1157 3543 1396 3621 Ecclestarum
1420 3601 1431 3637 ‚
1457 3566 1497 3620 ut
1523 3550 1598 3620 vice
1628 3545 1747 3622 nostra

218 3672 296 3722 cum
321 3645 470 3724 constlio
495 3643 750 3744 Episcoporum
777 3654 812 3724 bt
836 3644 1018 3722 Abbatutn
1042 3643 1264 3721 constituatis
1289 3645 1416 3744 ubique
1440 3638 1517 3747 quae
1543 3646 1628 3734 iusta
1644 3649 1747 3743 sant.

219 3746 264 3824 Et
286 3751 406 3847 quoad
431 3744 550 3822 causas
576 3755 612 3826 bt
637 3752 714 3823 lites
741 3751 786 3824 ad
813 3748 1092 3847 praesentationes
1119 3753 1154 3824 bt
1191 3748 1266 3834 iura
1293 3751 1377 3844 regii
1404 3770 1612 3844 patronatus
1646 3770 1746 3825 extat

217 3847 394 3949 specialius
430 3849 651 3948 privilegium
683 3849 848 3949 Philippo
882 3848 932 3925 11.
971 3856 991 3924 l
1027 3848 1206 3945 Gregorio
1241 3847 1349 3922 XIII.
1392 3847 1625 3940 concessum,
1652 3839 1749 3946 quod

218 3949 322 4028 refert
348 3953 534 4028 Honralba
561 3957 628 4040 (e)
653 3961 745 4027 Para
770 3979 828 4047 pue
850 3954 898 4023 lot
922 3949 968 4022 de
991 3946 1031 4021 su
1050 3946 1207 4033 Conseio
1232 3946 1432 4039 yCamara
1456 3967 1660 4037 conozcan,
1683 3975 1751 4022 co-

219 4078 279 4130 mo
304 4079 403 4130 antes
427 4059 465 4129 lo
492 4053 623 4128 hacian
647 4080 669 4148 y
695 4059 744 4127 les
770 4053 968 4149 perrenecia
996 4051 1015 4122 ὲ
1041 4053 1093 4122 los
1118 4048 1315 4122 ordinarios
1340 4050 1384 4119 de
1410 4052 1513 4121 todas
1550 4051 1600 4121 las
1627 4046 1748 4123 causas

218 4180 241 4249 y
265 4156 415 4252 litigios,
441 4181 508 4254 que
541 4152 717 4254 pudielsen
742 4154 897 4230 ocutrrir
926 4175 1030 4226 cerea
1056 4151 1178 4224 delas
1211 4146 1488 4247 presentacioncs
1525 4175 1546 4245 y
1578 4153 1748 4227 derechos

222 4257 281 4331 del
304 4257 392 4333 Real
416 4266 648 4357 Patronazgo.

270 4363 355 4448 (tr)
378 4365 407 4433 C
406 4363 474 4434 olor
498 4357 696 4452 defhoaefta.
722 4356 768 4433 1n
793 4359 944 4434 eturdem
969 4353 1106 4432 sensum
1132 4355 1341 4430 clericorum
1364 4357 1503 4430 cultum
1540 4358 1748 4432 moderatur

226 4456 424 4537 &utilium
461 4459 627 4537 Limense
663 4461 734 4536 111.
770 4481 811 4538 ut
848 4460 1000 4556 sequitur
1035 4458 1128 4549 (f):
1166 4457 1314 4533 Habitat
1339 4478 1502 4533 externus
1539 4456 1748 4534 clericorum

227 4559 345 4638 decens
370 4562 439 4657 srt,
463 4562 553 4638 nihil
578 4561 790 4664 profanum,
816 4562 906 4636 niltil
925 4558 1151 4636 ambitiosum
1177 4557 1372 4657 prasefcrat
1393 4559 1510 4634 Vellcs
1535 4581 1647 4736 neqnsa
1672 4585 1748 4635 ver-

237 4720 240 4724 t
1626 4682 1703 4740 10οε

231 4788 1051 4816 *Qun—nm*

265 4851 315 4919 (ἃ)
341 4856 449 4914 Solarr..
479 4853 522 4911 T·
547 4876 574 4909 ι.
601 4858 645 4916 De
662 4856 730 4914 lud.
746 4857 814 4919 Jur·
840 4855 862 4912 l.
883 4877 912 4920 4·
941 4873 965 4911 c.
1047 4849 1103 4922 (c)
1123 4851 1215 4918 Ifider.
1237 4848 1258 4906 l.
1279 4871 1306 4915 3·
1323 4856 1395 4917 star.
1415 4869 1477 4914 cap.
1499 4869 1544 4912 5¹·
1748 4877 1754 4885 ·

236 4943 273 4981 tt.
289 4950 318 4988 n,
340 4943 388 5000 35,
1093 4928 1103 4991 )
1123 4932 1161 4982 N.
1168 4927 1258 4982 Alex.
1269 4929 1335 4996 Hit.
1347 4927 1421 4982 Eccl.
1429 4926 1487 4991 saer.
1496 4926 1545 4980 ΧΙ.
1563 4944 1586 4980 c.
1599 4940 1688 4982 narr.
1702 4941 1729 4988 9.

269 5006 317 5077 (b)
337 5010 404 5070 Flor
423 5009 537 5079 Ellam
557 5012 623 5082 Sag·
640 5027 708 5072 etat.
730 5019 758 5068 ί.
777 5025 815 5068 tr.
835 5019 863 5068 6·
892 5025 915 5066 cs
939 4985 990 5146 nl
1047 4927 1100 5076 is)
1119 5003 1281 5070 thtalba,
1300 5009 1324 5064 l.
1343 5005 1377 5061 V·
1392 5002 1516 5060 Bitiam.

234 5094 443 5150 ‘trs-uzu
544 5120 546 5125 .
830 5139 832 5142 Α
1050 5080 1676 5151 (ἱ)6.ιίω.αηη.ις8ς..ΛΗ.ι.-τιρ.ιί.

990 5152 993 5157 ⁴
1191 5153 1239 5229 M
