3856 5678
523 293 660 375 Ano
684 315 755 376 sn
779 312 811 377 o
834 315 858 376 ι
882 315 895 374 1
923 316 949 375 c
976 318 1034 375 n.
1075 319 1199 396 ·1500.
1255 307 1365 396 ¹5⁶3·
1596 320 1672 396 227

208 510 213 521 ,
242 437 331 529 (ll)
354 435 407 513 Ne
429 437 667 535 mancipiorum
690 442 775 515 loco.
801 435 983 536 Quattuor
1009 440 1235 537 mancipandi
1263 437 1359 513 tituli
1384 437 1561 513 numerari
1585 416 1724 533 solent3

185 541 380 629 nativitas,
406 538 584 631 venditio,
612 543 767 633 bellum,
793 547 829 620 bt
856 567 983 639 poeoa.
1011 539 1115 620 Unde
1142 541 1222 615 Indi
1247 561 1376 616 natura
1402 541 1645 618 &voluntate
1680 543 1723 617 li·

185 640 285 733 beri,
311 641 371 740 qui
397 642 494 716 nulla
520 641 645 733 injuria
672 641 860 733 lacessant,
884 646 1147 741 mancipiorum
1172 646 1260 718 loco
1281 641 1404 719 haberi
1429 660 1635 742 nequeunt.
1671 644 1732 721 Et'
1877 675 1882 686 ·

187 741 244 819 ita
268 742 425 840 legibus,
451 743 761 821 &consuetudine
786 745 860 835 jam
886 747 1031 844 antiqua
1058 746 1231 820 statutum
1253 741 1302 819 est
1329 797 1339 816 .
1363 741 1612 842 sedquoniam
1623 743 1725 830 Rex,

182 847 242 921 tel
265 845 326 944 qui
354 847 374 919 d
401 845 501 941 Rege
529 845 789 923 authoritatem
812 847 942 923 habent
963 901 974 940 ,
999 849 1105 945 Regii
1130 845 1286 923 Ministri
1313 865 1450 920 certum
1476 844 1722 921 Indorumnu-

186 968 333 1021 merum
358 942 565 1042 constgnant
590 948 811 1026 benemeritis
837 949 883 1023 ad
909 951 1054 1046 aliquod
1079 950 1287 1046 negotium,
1310 965 1352 1021 ut
1378 948 1425 1022 ad
1460 947 1632 1043 pascenda
1669 971 1729 1045 pe·

182 1068 279 1131 ,cota
306 1101 318 1141 ,
344 1047 390 1141 ad
416 1044 612 1124 sementem
636 1048 863 1141 faciendam,
888 1056 924 1129 bt
951 1049 1101 1140 stmilia,
1127 1049 1223 1150 quod
1248 1049 1758 1138 commendarcdicitur,eum·
1819 1086 1834 1091 ·’

186 1171 299 1225 onere
324 1147 530 1244 providendi
557 1152 600 1226 de
626 1152 808 1244 doslri'na,
834 1156 869 1230 bt
895 1155 1016 1229 tuendi
1042 1152 1335 1242 commendatos,
1360 1151 1526 1248 quaeritur
1552 1174 1598 1224 an
1624 1149 1661 1223 id
1682 1172 1728 1227 ert

187 1271 293 1349 aquo
317 1248 511 1346 procedat,
537 1275 621 1327 cum
645 1256 805 1329 videatur
828 1251 900 1328 hoc
926 1254 1144 1352 personalem
1169 1252 1350 1329 servitium
1376 1251 1508 1327 intrudi
1534 1271 1660 1325 contra
1681 1251 1725 1325 li·

188 1349 388 1433 bertatem.
416 1350 551 1426 Verum
577 1354 637 1446 id,
664 1356 777 1454 inquit
802 1353 933 1443 Aeosta
959 1361 1054 1446 (a),
1084 1356 1244 1451 iniquum
1269 1379 1344 1428 non
1369 1349 1419 1428 est
1443 1376 1504 1450 pet
1536 1349 1604 1441 se,
1641 1375 1727 1426 enm

189 1452 315 1550 tributi
339 1454 422 1526 loco
448 1455 643 1549 accipitur,
667 1481 754 1532 nam
778 1478 952 1555 quantum
974 1455 1082 1533 essent
1108 1453 1268 1556 pensuri,
1294 1474 1434 1531 tanturn
1457 1454 1651 1527 remittitur
1662 1477 1730 1551 pro

194 1568 310 1651 operte
333 1553 519 1630 mercede.
544 1553 617 1633 Ubi
641 1558 840 1633 cauendum
864 1558 936 1650 est,
962 1583 1008 1634 ne
1032 1582 1122 1634 onus
1156 1575 1293 1655 premat
1312 1551 1437 1650 clndos
1472 1554 1728 1652 iuaequaliter‚

195 1656 233 1733 bt
253 1677 298 1730 ne
323 1655 370 1729 ad
396 1676 454 1727 eas
477 1652 644 1734 serviendi
670 1659 761 1733 vices
787 1661 885 1737 rebus
910 1659 978 1735 suis
1003 1662 1041 1734 in
1066 1655 1261 1735 necessariis
1290 1653 1425 1730 desrnt.
1452 1654 1591 1729 Eadem
1615 1655 1727 1730 ratio·
1773 1653 1777 1665 '

198 1776 243 1831 ne
265 1757 346 1833 licet
364 1752 482 1832 ‚Indos
509 1781 633 1855 cogere
659 1751 819 1835 ad'rales
843 1785 968 1860 operas
992 1760 1087 1847 salva
1111 1762 1296 1851 libertate,
1324 1776 1496 1858 quatenus
1521 1754 1620 1832 liberi
1645 1754 1728 1851 cogi

203 1850 334 1955 possunt
360 1856 407 1930 ad
433 1857 564 1934 tributa
588 1858 774 1936 solvenda.

296 1957 369 2035 Sed
403 1981 545 2057 propter
581 1962 810 2038 incommoda
845 1966 883 2039 in
909 1963 979 2042 hoc
1005 1965 1177 2062 exigendo
1202 1961 1277 2053 jure
1300 1956 1448 2059 probata
1484 1957 1559 2033 lata
1584 1952 1633 2031 est
1671 1957 1730 2033 lex
1769 2020 1772 2027 .

209 2060 260 2161 25.
284 2079 310 2136 t.
336 2080 373 2158 5.
398 2062 522 2134 Delos
547 2062 690 2140 tributos
715 2090 737 2159 y
763 2067 866 2157 ruffin
889 2064 949 2141 lib.
975 2074 1011 2142 ⁶.
1037 2072 1152 2163 Recop.
1177 2064 1270 2142 nd:
1292 2061 1496 2140 Ordtuams
1517 2081 1583 2156 que
1607 2056 1730 2147 seim·

208 2178 259 2236 ten
281 2162 333 2257 los
356 2183 425 2257 que
452 2163 610 2239 tuvieren
634 2166 668 2240 el
693 2169 862 2261 govierno
888 2167 1020 2243 secular
1045 2192 1115 2244 con
1139 2167 1172 2240 el
1198 2161 1352 2261 obispo,
1378 2160 1580 2258 yPrelados
1594 2158 1648 2231 de
1673 2161 1727 2233 las

209 2254 424 2358 Ruigiones,
447 2260 627 2340 Offic‘ales
653 2268 803 2358 Reales,
829 2293 852 2363 y
878 2289 974 2344 otras
998 2269 1162 2366 personas
1187 2264 1376 2342 noticiosas
1400 2255 1727 2358 ydestnterelladas

212 2361 301 2439 dela
326 2363 532 2464 provincia,
559 2387 695 2458 tracen,
724 2395 746 2462 y
772 2367 952 2445 confieran
978 2394 1024 2444 en
1048 2395 1115 2468 que
1141 2367 1275 2459 fucos,
1301 2365 1484 2465 especies,
1519 2388 1543 2455 y
1568 2357 1666 2437 cosas
1689 2356 1728 2435 se

211 2467 332 2560 ftrcden
358 2468 631 2551 comodamente
658 2465 761 2544 talsar
797 2497 821 2564 y
857 2469 1001 2546 estimat
1035 2473 1088 2545 los
1125 2470 1273 2545 tributos
1309 2489 1375 2565 que
1410 2461 1668 2560 correspoodcn
1701 2484 1728 2556 y

209 2567 410 2664 equivalgan
437 2571 471 2641 al
506 2570 635 2645 interes
661 2625 672 2664 ,
697 2596 764 2668 que
787 2571 886 2661 juxta
912 2599 935 2665 y
959 2573 1179 2647 licitamente
1205 2572 1348 2668 pudiera
1373 2568 1547 2663 importat
1571 2565 1604 2637 el
1622 2559 1728 2638 serui·
1807 2617 1810 2625 ,

208 2668 260 2744 cio
283 2667 466 2766 personale
491 2695 513 2761 y
538 2670 652 2748 hecha
679 2672 750 2748 esta
775 2676 1007 2750 comutacion
1031 2673 1237 2773 harumque
1261 2668 1297 2747 se
1322 2687 1461 2770 reparta
1488 2667 1509 2739 d
1534 2663 1625 2738 cada
1665 2661 1731 2742 In·

200 2762 259 2846 dio
280 2772 411 2869 lo‘que
446 2770 511 2846 alst
531 2772 581 2847 ha
606 2774 740 2850 dedat
765 2800 811 2851 en
836 2777 996 2868 dineros,
1021 2774 1157 2867 frutos,
1183 2801 1207 2849 o
1241 2769 1394 2869 cspcc'ies
1421 2797 1431 2843 ε
1470 2794 1492 2861 y
1517 2768 1584 2841 los
1607 2763 1729 2840 Enco-

202 2874 383 2948 nenderos
408 2898 458 2948 no
483 2875 620 2970 puedan
647 2874 753 2951 llevar
778 2903 855 2954 mas
878 2879 922 2952 de
947 2878 986 2953 lo
1010 2903 1077 2977 que
1101 2877 1174 2953 esto
1199 2893 1368 2950 mantare.
1397 2872 1447 2949 At
1471 2870 1554 2970 quia
1591 2869 1728 2966 aliqua·
1755 2960 1759 2965 Ι

199 2989 278 3050 rom
301 2976 489 3072 regionum
516 2975 612 3051 Indis
639 3001 713 3052 non
738 2977 889 3077 suppetit
913 2979 1006 3063 unde
1034 2980 1162 3054 tributa
1188 2976 1263 3053 haec
1289 2999 1326 3051 re
1351 2968 1624 3049 aliacommode
1645 2992 1728 3068 pen·
1786 3017 1790 3026 -

198 3075 303 3169 dant,
332 3072 459 3152 alicubi
485 3079 596 3151 etiam
621 3075 700 3153 usus
725 3081 886 3155 obtinere
912 3082 1051 3156 videtur
1075 3081 1194 3153 relatae
1219 3078 1289 3174 legi
1315 3074 1531 3150 contrarius.

297 3175 495 3253 Obtinebat
521 3179 611 3252 olim
637 3199 731 3254 cette
756 3182 794 3254 in
823 3182 1011 3278 provinciis
1037 3181 1073 3252 de
1099 3179 1299 3266 Venezuela,
1326 3197 1365 3249 ut
1392 3173 1528 3247 constat
1555 3170 1728 3260 exdeela·

201 3280 337 3356 tatione
361 3276 566 3354 Dioecesani
592 3277 684 3357 sada
709 3306 805 3356 anno
837 3290 967 3377 1609.,
993 3283 1036 3354 dc
1062 3306 1131 3377 qua
1159 3282 1195 3352 in
1221 3273 1454 3373 Synodalibus
1478 3273 1523 3347 de
1534 3278 1654 3365 Puerto
1664 3272 1725 3344 Ri-

198 3406 228 3457 co
259 3378 335 3471 (b)
360 3376 403 3452 fit
427 3383 588 3455 mentio:
613 3384 683 3456 No‘r
706 3389 752 3458 D.
778 3388 838 3462 Fr.
866 3384 1029 3459 Antonio
1053 3383 1186 3478 Alnega
1213 3377 1349 3475 Obispo
1375 3377 1419 3449 de
1446 3374 1669 3463 Venezuela,
1699 3394 1724 3466 y

198 3481 339 3561 Sancho
364 3482 408 3555 de
433 3483 582 3580 Alquiza
607 3483 844 3560 Gobernador
871 3540 879 3558 .
909 3540 918 3560 .
946 3539 955 3559 .
980 3485 1052 3560 Por
1077 3503 1213 3582 quanto
1237 3482 1287 3559 Su
1313 3474 1497 3576 Magestad
1522 3499 1568 3552 en
1592 3472 1632 3550 stt
1656 3471 1727 3547 Ce-

197 3584 283 3663 dula
307 3581 413 3659 seeha
438 3609 484 3659 en
511 3584 656 3660 Madrid
681 3609 725 3660 en
755 3584 814 3662 18.
840 3589 883 3663 de
910 3585 1112 3663 Diciembre
1138 3586 1183 3660 de
1214 3604 1320 3681 1591.
1349 3602 1413 3656 nos
1439 3577 1595 3653 comerio
1623 3571 1728 3652 tollar

196 3690 251 3765 los
277 3684 401 3759 Indios
428 3736 438 3756 .
467 3739 477 3759 .
507 3739 516 3759 .
546 3688 713 3764 reniendo
739 3686 1003 3764 consideration
1031 3714 1052 3763 a
1076 3711 1144 3787 que
1180 3687 1233 3761 los
1259 3683 1382 3761 Indios
1416 3681 1462 3756 de
1500 3680 1602 3758 rodas
1639 3675 1729 3792 estas

261 3788 396 3862 vincias
421 3809 470 3860 no
498 3788 617 3862 tienen
641 3814 732 3882 oro,
758 3791 797 3863 ni
823 3792 943 3888 plara,
968 3791 1006 3863 ni
1032 3810 1112 3864 otta
1137 3785 1221 3863 cosa
1246 3787 1291 3864 de
1316 3806 1384 3882 que
1410 3783 1547 3877 puedan
1573 3781 1638 3853 dar
1666 3797 1729 3851 trr-

194 3813 283 3969 ffso
309 3887 385 3963 smo
410 3888 444 3959 el
466 3886 615 3971 'servicio
640 3891 684 3965 de
709 3887 763 3965 sus
789 3889 972 3989 personas,
999 3916 1107 3964 como
1132 3912 1168 3960 es
1193 3885 1359 3972 notorio,
1388 3935 1396 3956 .
1425 3933 1434 3952 .
1463 3934 1471 3953 .
1508 3881 1729 3983 declaramos

194 4017 261 4095 que
288 3991 325 4064 la
351 3988 457 4065 dicha
482 3992 643 4066 dodrina
668 4017 691 4085 y
716 3991 757 4068 su
781 3991 972 4087 estipendio
999 3989 1033 4063 se
1059 3983 1195 4087 pagalse
1220 3986 1265 4061 de
1292 4008 1356 4082 por
1382 3982 1495 4055 mitad
1521 3977 1730 4075 enrespedto
1815 3991 1824 4002 ·

196 4098 240 4171 de
268 4094 378 4168 havet
402 4093 586 4179 mandado
612 4145 621 4165 .
651 4101 662 4165 “.
691 4146 700 4165 .
729 4112 796 4168 tres
822 4094 897 4167 dias
923 4093 966 4166 de
992 4089 1184 4183 semanad
1209 4090 1300 4165 cada
1326 4083 1611 4173 encomendero,
1637 4103 1724 4176 yre-

195 4194 377 4276 servamos
402 4213 503 4269 otros
531 4215 598 4268 tres
624 4219 645 4267 a
670 4195 724 4270 los
749 4192 872 4270 dichos
898 4194 1030 4285 Indioc,
1056 4197 1123 4269 &e
1718 4281 1728 4298 ·

198 4318 203 4325 ·
303 4295 392 4373 Hoec
419 4297 457 4369 in
483 4295 756 4394 ditioneRegis
778 4294 961 4391 Catholici
989 4322 1000 4385 3
1027 4296 1065 4369 in
1090 4291 1283 4383 Lusitana,
1309 4285 1383 4388 post
1408 4279 1730 4385 quamCastellant

195 4398 317 4499 Reges
341 4397 504 4474 dominio
530 4394 724 4491 cesserunt,
750 4423 825 4475 non
851 4417 993 4474 tantum
1017 4397 1127 4470 crevit
1166 4391 1308 4469 miseros
1346 4387 1546 4489 captivandi
1585 4384 1728 4498 libertas

197 4499 427 4593 contraius,
454 4500 551 4595 quod
576 4503 713 4574 malum
739 4504 777 4575 in
802 4520 949 4600 utraque
987 4497 1155 4587 ditione,
1194 4493 1348 4591 piill'rmis
1383 4490 1538 4585 Regibus
1575 4486 1729 4591 inpius,

199 4603 282 4679 satis
319 4602 465 4702 vulgare
502 4595 604 4690 suit,
641 4600 700 4677 sed
748 4603 784 4677 id
816 4599 1001 4677 honestare
1036 4604 1071 4674 dt
1109 4597 1284 4670 velamine
1323 4591 1462 4688 pietatis
1498 4589 1633 4686 operire
1669 4609 1730 4662 au-

199 4703 255 4779 sus
292 4729 368 4779 non
402 4726 511 4781 nemo
544 4698 594 4780 est
627 4754 635 4772 ·
674 4698 800 4780 Refert
835 4702 890 4777 Fr.
929 4698 1143 4777 Dominicus
1177 4696 1222 4771 de
1255 4694 1408 4773 Texeira
1455 4686 1731 4797 Augul'linianus
1849 4746 1851 4754 .
1909 4740 1912 4747 ·

862 4860 865 4867 ›
1542 4793 1612 4876 (a)
1638 4789 1682 4859 de

196 4917 1735 4965 wm-

199 5016 211 5033 ‘
240 5041 300 5124 sl)
322 5046 422 5115 Acopa
443 5043 491 5107 lib·
512 5064 541 5133 ,³⁴
560 5059 622 5111 car·
647 5062 690 5108 η·
732 5038 791 5112 (b)
812 5039 912 5113 syuodo
930 5040 967 5104 de
985 5043 1020 5103 Ρ.
1040 5039 1106 5100 ltico
1124 5037 1264 5190 dfefrctp.
1284 5051 1308 5093 c.
1331 5035 1378 5084 rt.
