3856 5678
559 314 1063 393 Atotioitcre.
1120 332 1229 407 1700.
1283 321 1395 425 1766,
1511 304 1680 416 “509

205 455 358 543 tiitintur
383 458 420 530 in
445 454 601 546 croceis,
625 455 670 528 de
694 452 816 553 qubus
842 449 1150 528 indiscriminatim
1176 452 1368 552 loquuntur
1395 454 1558 532 authores
1593 462 1629 535 δι
1654 483 1732 536 me-

205 558 298 645 dici,
322 556 562 658 gravissnnum
597 553 665 631 esse
704 557 742 629 in
768 551 865 628 Indis
900 555 1121 629 Americanis
1145 553 1294 632 suadent
1326 550 1506 655 sequentes
1539 560 1734 640 rationes.

208 680 242 731 i.
270 657 480 757 frequentes
507 658 598 732 inter
624 657 705 732 illos
731 655 930 753 epidemiae,
956 679 1032 754 quae
1067 655 1299 730 tenerioribus
1322 676 1427 730 aetate
1464 660 1579 755 inagis
1606 661 1732 735 exitia·

203 759 254 832 les
279 760 380 836 sunt.
408 759 633 853 a.Sylvatica
659 759 794 832 vivendi
819 757 913 832 ratio
939 755 1010 830 sinc
1036 751 1147 848 foco,
1170 754 1243 833 sinc
1269 761 1382 848 tello,
1407 783 1478 860 quo
1504 759 1731 838 delimatum

202 860 413 960 ‘uitcmperie
438 862 507 937 tuti
533 858 623 934 sint.
652 879 687 954 3.
712 856 868 933 Barbara
895 879 1072 947 matrum,
1098 860 1336 936 &nutricum
1363 861 1522 957 incuria,
1562 886 1649 961 quas
1681 881 1731 937 et·

203 961 279 1036 iam
305 961 488 1060 postquam
514 959 712 1051 dixistianae
732 957 832 1050 sunt,
860 956 993 1035 necesse
1018 959 1067 1034 est
1094 961 1285 1061 aliquando
1311 960 1506 1038 verberibus
1533 965 1670 1058 adigere
1686 964 1734 1043 ad

201 1063 388 1139 lassandus
411 1061 523 1138 filios.
559 1083 596 1157 4.
623 1061 837 1137 Earumdem
871 1082 1031 1135 matrum
1055 1087 1129 1135 non
1163 1063 1273 1137 unius
1290 1065 1440 1163 regionis
1470 1065 1546 1139 dira
1586 1069 1735 1170 pietas,

204 1188 283 1260 quio
307 1185 348 1244 ut
372 1162 464 1240 silias
489 1165 673 1238 adultasa
699 1166 861 1236 vivorum
887 1161 1077 1238 acerbitate
1104 1160 1275 1255 liberent,
1312 1168 1405 1239 clam
1431 1164 1600 1262 sepeliunt
1636 1169 1733 1245 vivas

203 1266 243 1339 in
268 1263 444 1340 infantia.
472 1287 506 1364 5.
533 1265 730 1360 Tygriduiii
755 1269 791 1340 ἃ
817 1265 1015 1362 viperarum
1040 1261 1176 1340 morsus
1212 1269 1248 1344 bt
1278 1267 1380 1364 plaga
1406 1268 1559 1342 laethalis
1593 1266 1733 1345 saevien-

202 1366 295 1440 tium
322 1366 445 1464 passim
471 1368 507 1440 in
534 1368 700 1459 adubos,
725 1366 841 1440 multo
876 1368 988 1463 magis
1023 1367 1059 1440 in
1085 1385 1189 1439 atate
1214 1367 1403 1459 inermes,
1438 1371 1647 1446 &cavendi
1675 1395 1734 1448 ne·

203 1465 317 1545 scios.
342 1475 378 1543 6.
406 1465 515 1565 Qvod
539 1469 615 1541 haec
640 1472 676 1546 δι
702 1469 771 1542 alia
797 1468 950 1564 pericula
964 1462 1156 1543 infantibus
1183 1467 1408 1548 imminentia
1433 1468 1513 1547 sunt
1537 1474 1635 1572 plura
1658 1498 1733 1573 quo

201 1566 311 1644 tirius
337 1567 487 1665 infantia
514 1570 758 1667 protenditur,
792 1588 833 1644 ut
872 1568 909 1642 iii
937 1566 1036 1642 Indis
1058 1569 1278 1643 Americanis
1304 1571 1502 1667 contingit,
1539 1576 1663 1672 quibus
1689 1576 1732 1649 il·

201 1666 377 1748 lucescere
401 1669 510 1748 scribe
532 1697 640 1770 quain
668 1671 745 1744 aliis
769 1670 919 1744 rationis
943 1667 1075 1762 usum,
1110 1687 1239 1746 notum
1266 1669 1313 1746 est
1336 1677 1374 1748 dt
1399 1669 1537 1774 scripsit·
1569 1675 1732 1756 Avenda-

203 1774 256 1847 fio
281 1776 377 1859 (a).
404 1794 440 1866 7.
468 1770 578 1868 Qiod
606 1768 799 1848 infantium
836 1770 1118 1848 americanorum
1143 1772 1305 1863 cladem,
1342 1777 1591 1871 &puerorum
1625 1782 1733 1876 oporss

202 1890 257 1950 tet
282 1871 351 1948 esse
376 1877 607 1967 maximam,
642 1872 929 1972 quandoquidem
963 1896 1048 1972 gens
1071 1874 1116 1949 de
1148 1873 1316 1953 eoelibatu
1351 1898 1476 1974 parum
1509 1873 1645 1952 solicita
1679 1881 1734 1956 vel

201 1972 340 2072 prorsus
367 1977 514 2071 ignara,
541 1977 578 2051 in
602 1977 679 2051 dies
700 1998 850 2050 numero
875 1976 1004 2070 cadit,
1040 1995 1082 2050 ut
1107 1994 1236 2051 notum
1262 1977 1373 2052 etiam
1399 1975 1483 2067 est,
1513 1996 1588 2052 tam
1616 1981 1651 2053 in
1679 2002 1728 2056 re·
1778 1989 1781 1992 ’

200 2077 363 2173 gionibus
389 2080 562 2170 American
585 2077 734 2153 borealis
761 2099 868 2175 prope
891 2072 1069 2173 Qiebec,
1096 2078 1140 2151 de
1165 2103 1237 2178 quo
1263 2079 1416 2174 pluribus
1452 2080 1488 2152 in
1514 2080 1603 2158 locis
1630 2079 1730 2162 testa·

202 2197 260 2253 tur
285 2179 502 2256 Cbarleioix
528 2179 620 2271 (l),
643 2203 753 2277 quam
777 2178 817 2274 *in
843 2180 1001 2276 partibus
1025 2178 1199 2253 American
1224 2180 1485 2260 meridionalis.
1801 2210 1805 2215 ·

305 2279 442 2356 Eadem
479 2283 617 2356 rarione
654 2279 849 2376 periculum
885 2277 1108 2354 stibverlionis
1132 2284 1169 2357 in
1206 2278 1342 2357 infante
1365 2281 1546 2378 baptizato
1582 2308 1656 2359 non
1681 2282 1732 2364 est
1816 2371 1820 2377 ,

200 2381 540 2478 compropinquum
566 2386 601 2455 δι
628 2381 879 2452 imminemus
906 2381 1023 2469 aliis,
1057 2403 1229 2475 quatenus
1255 2383 1435 2476 pauciores
1471 2383 1551 2459 sunt
1587 2386 1648 2483 qui
1675 2387 1731 2461 in·

199 2480 354 2561 santiam
381 2482 576 2572 excedant,
602 2485 638 2556 dt
662 2480 708 2554 ad
733 2498 875 2554 aetatem
900 2479 1102 2576 perveniant
1129 2478 1357 2555 subversionis
1391 2506 1580 2578 capacem.
1605 2485 1732 2563 Minus

200 2581 297 2656 certi
324 2607 395 2657 non
422 2581 470 2658 est
496 2579 722 2662 subversionis
746 2587 783 2659 δι
807 2584 828 2657 ὲ
854 2578 922 2656 fide
948 2579 1103 2678 suscepta
1129 2579 1335 2660 defectionis
1361 2584 1555 2678 periculum
1582 2585 1729 2662 inanie-

200 2683 325 2760 ticano
352 2687 476 2759 adulto
510 2702 616 2782 caput
641 2681 662 2758 ὲ
687 2681 789 2779 sylvis
826 2682 1032 2758 extrahente
1058 2679 1286 2760 &offerente
1323 2686 1368 2763 ad
1393 2683 1639 2783 baptismum,
1674 2710 1731 2762 at·

196 2803 300 2860 tenta
325 2789 438 2884 gentis
464 2792 500 2864 δι
524 2787 618 2886 genii
644 2784 890 2862 instabilitate.
918 2786 994 2861 Nec
1032 2786 1150 2862 mitius
1172 2785 1222 2860 est
1248 2785 1441 2881 periculum
1479 2787 1517 2861 in
1549 2785 1634 2865 fillis
1658 2789 1731 2866 hae-

198 2889 414 2981 isticorum,
441 2904 482 2963 ut
507 2889 528 2962 ὲ
555 2887 753 2986 parentibus
778 2886 1042 2962 subvertantur.
1071 2886 1116 2962 Et
1146 2909 1266 2963 tamen
1293 2889 1373 2965 illos
1397 2886 1574 2986 baptizate
1611 2894 1731 2993 praxis

197 2987 247 3063 est
274 3015 294 3064 a
322 2991 404 3064 viris
430 2991 494 3085 piis
518 2995 554 3065 dt
578 2991 687 3064 dusiis
714 3013 773 3084 per
797 2989 1034 3064 Germaniam
1059 2987 1264 3080 observata,
1300 3008 1340 3064 ut
1367 2987 1514 3065 testatur
1544 2991 1667 3071 Gobat
1692 2998 1731 3078 &t

198 3088 353 3168 Laiiiiati
380 3095 473 3180 (a).
511 3089 613 3165 Idem
649 3093 843 3187 periculum
880 3088 1109 3164 subversionis
1142 3088 1191 3163 est
1226 3091 1263 3163 in
1299 3087 1381 3163 filiis
1405 3089 1656 3191 barbarorum,
1682 3097 1729 3178 de

197 3190 321 3288 quibus
346 3188 535 3289 Episcopus
554 3187 704 3287 vQiebee
730 3194 774 3265 ad
799 3190 946 3269 Sacrani
971 3189 1298 3289 Congregationeni
1323 3192 1466 3284 retulit,
1491 3190 1560 3266 elie
1583 3197 1731 3298 quidem

196 3314 259 3388 per
284 3291 496 3389 baptismum
523 3294 713 3389 adscriptos
739 3293 878 3367 militiae
901 3275 1279 3381 christiana,nutlum
1305 3309 1428 3367 tamen
1463 3293 1644 3389 religionis
1675 3295 1732 3371 as«

195 3389 344 3490 sumptae
370 3395 742 3493 ptaebcre‘spec'im'en,
768 3416 833 3468 nec
860 3394 1016 3469 imbuere
1050 3391 1143 3488 filios
1165 3391 1230 3468 nisi
1255 3392 1350 3470 illitis
1376 3392 1550 3489 horrore,
1584 3394 1728 3478 etiamst

196 3493 429 3595 baptizandos
454 3495 668 3572 obtulerint.
694 3495 743 3571 Et
770 3519 890 3572 tamen
925 3495 961 3571 S.
988 3493 1232 3593 Congregatio
1257 3493 1295 3569 iii
1332 3494 1492 3594 prasenti
1515 3494 1735 3578 mulnario·

195 3620 242 3672 ne
267 3596 445 3698 respondit
469 3599 575 3674 licere
599 3596 692 3674 lilios
717 3600 806 3673 tales
830 3598 1031 3696 baptizare,
1056 3596 1256 3676 dummodii
1279 3619 1421 3679 curetur
1445 3624 1514 3702 qua
1540 3596 1617 3678 seri
1651 3597 1730 3706 pos-

196 3696 266 3795 sit,
292 3722 333 3776 ιιι
357 3701 426 3777 rite
451 3701 666 3779 instruantur
691 3701 828 3775 adulti.
1784 3713 1787 3721 '

298 3800 436 3899 Qiodsi
463 3804 509 3880 ad
534 3805 764 3900 baptizandos
801 3799 996 3877 infidelium
1033 3799 1148 3890 lilios,
1184 3798 1415 3878 necessarium
1441 3800 1523 3878 esset
1562 3805 1644 3879 illos
1666 3804 1726 3881 ab·

193 3900 372 3995 strahere3
399 3908 560 4002 quamvis
585 3904 825 3979 abstinendum
853 3900 896 3976 sit
921 3901 967 3977 ob
993 3899 1222 3976 incommoda
1249 3903 1298 3973 rei
1325 3901 1520 3980 christianae
1540 3904 1728 3981 imminen-

195 4007 248 4079 tia
262 4036 278 4094 ‚·
305 4005 488 4080 abstrusio
515 4025 637 4084 tamen
663 4003 770 4086 causi
805 4001 992 4100 spiritualis
1016 4001 1173 4083 filiorum
1199 3999 1319 4081 salutis
1354 4000 1446 4078 sassa
1477 4027 1553 4080 non
1586 4004 1729 4082 videtui·

193 4103 273 4182 sore
299 4109 499 4203 patentibus
525 4102 712 4197 injuriosa3
741 4126 919 4202 quatenus
930 4105 1075 4200 inquam
1100 4102 1329 4179 necessarium
1355 4101 1398 4179 sit
1423 4103 1469 4181 ad
1495 4097 1727 4202 aperiendam

192 4233 320 4286 eorum
344 4206 425 4285 filiis
449 4207 571 4287 salutis
597 4209 717 4303 viam,
742 4234 849 4307 quarn
874 4224 914 4280 ut
940 4204 1121 4281 obliiuaiit
1158 4224 1319 4303 parentes
1344 4207 1483 4283 nullum
1516 4207 1593 4299 jus,
1628 4226 1728 4311 poto-

176 4310 318 4386 'siatem
345 4311 483 4385 nullam
507 4311 640 4387 habent
679 4312 699 4384 a
734 4333 888 4385 natura.
928 4301 984 4382 Fr.
1013 4305 1195 4383 Martinus
1229 4304 1253 4382 s
1276 4307 1475 4384 Totiecilla
1513 4309 1589 4400 (d)
1619 4307 1727 4405 refert

191 4412 416 4512 Capuccltios
441 4412 521 4489 suos
544 4414 580 4486 iil
605 4412 741 4504 Benin,
766 4412 1012 4502 Sicrraleoua,
1038 4408 1226 4500 Caracas,
1251 4414 1287 4486 δι
1311 4409 1537 4487 Milsionibus
1571 4412 1648 4486 aliis
1673 4409 1729 4487 soi

192 4517 275 4591 litos
300 4514 367 4591 else
393 4512 485 4589 lilios
512 4511 707 4588 infidelium
735 4516 856 4588 inv-itis
880 4512 1080 4608 parentibus
1106 4512 1316 4606 baptizare.
1352 4507 1520 4604 Qiorum
1544 4512 1661 4614 praxis
1699 4507 1737 4594 u·

193 4618 428 4720 approbetur,
456 4617 501 4691 ad
527 4616 669 4692 decreta
695 4640 772 4722 quae
798 4610 935 4719 possunt
961 4613 1066 4707 objici
1094 4609 1251 4711 praesenti
1277 4606 1483 4690 resolutioni
1510 4608 1727 4711 conformia,

231 4907 291 4982 (a)
312 4911 432 4970 uvaia.
451 4913 486 4970 s.
503 4913 539 4971 ir.
557 4888 682 4966 uuam.
701 4925 730 4964 n.
754 4927 818 4979 ui·
846 4904 922 5053 pti>
941 4903 1162 4978 centenaria.
1181 4903 1217 4961 ae
1237 4903 1269 4960 ra
1289 4909 1328 4962 iv.
1342 4907 1391 4963 tv.
1410 4899 1479 4965 tom.
1491 4923 1517 4958 ι.
1536 4903 1558 4960 r.
1581 4913 1726 4979 mar..

1236 4826 1249 4837 ο

188 4996 228 5046 v*
248 4988 269 5043 l.
291 4991 318 5041 ⁸.
336 5003 403 5059 pag.
425 5006 490 5056 ¹07·
530 4985 585 5059 (c)
603 4985 778 5059 Lamm-
799 4996 826 5041 6.

874 5002 895 5043 e·
908 4984 989 5056 Bm·
1008 5001 1040 5045 iti
1061 5002 1105 5041 n.
1146 4980 1205 5060 (d)
1223 4979 1339 5043 Torret.
1361 4996 1427 5042 trivi·
1449 4998 1476 5036 ι.
1488 4975 1624 5062 'Consulti
1642 4995 1727 5081 tract«

188 5082 250 5143 me·
272 5088 299 5144 s·
863 5115 869 5125 ·
