3864 5686
216 303 316 390 “²70
470 297 473 301 ’
675 293 1259 373 On‘nrna'rrones
1324 279 1383 343 Τ

524 425 1161 514 ORDIN'AT102
1225 431 1419 513 CXLVII.

760 538 871 614 Anno
901 535 1010 636 1578.
1037 548 1071 613 6.
1099 534 1181 634 Jan.

265 745 472 821 Acultatem
498 744 520 818 l
545 742 659 820 Paulo
685 744 813 820 Tertio
838 743 1059 836 concessam,
1087 745 1124 818 in
1151 743 1390 820 remotissmis
1415 745 1436 818 ὲ
1462 743 1554 831 Sede
1582 730 1749 843 ‘Aposto-

289 848 359 923 lica
384 847 583 945 regionibus
609 845 810 922 absolvendi
848 843 868 918 a
903 843 1084 921 reservatis
1119 849 1232 923 etiam
1270 849 1307 920 in
1343 845 1446 921 Bulla
1482 845 1627 938 Caenae,
1661 845 1751 921 &i

189 946 483 1049 consequentibus
507 948 656 1025 censuris
683 955 718 1025 dt
744 950 874 1044 poenis3
901 946 1162 1031 &concessam
1188 948 1306 1023 denuit
1331 953 1352 1023 ai
1378 947 1413 1023 se
1440 975 1535 1023 anno
1565 968 1674 1043 1573.
1705 946 1748 1023 8.

192 1050 289 1149 Sept.
324 1052 486 1134 extendit
521 1051 713 1148 Gregorius
734 1050 844 1127 Xlll.
873 1052 917 1125 ad
944 1074 1067 1126 omnes
1094 1049 1308 1146 presbyteros
1332 1050 1522 1125 Societatis
1543 1052 1751 1126 inorienta²

102 1210 105 1217 .
192 1153 241 1243 li,
267 1155 550 1252 occidentalique
577 1151 946 1250 India,omnibusque
967 1155 1188 1250 regionibus,
1208 1150 1346 1243 insulis,
1367 1158 1402 1229 ὃ(
1420 1155 1608 1251 provinciis
1632 1146 1747 1227 trans·

194 1252 365 1348 marinis,
397 1255 557 1356 adquae
578 1255 754 1355 Hispani,
774 1260 810 1331 ὃ(
835 1253 1000 1329 Lusitani
1026 1274 1233 1353 penetrant,
1260 1273 1522 1345 commeantes,
1549 1258 1590 1331 u
1620 1256 1657 1328 in
1683 1250 1747 1329 eis·

191 1356 277 1431 dem
301 1357 502 1455 regionibus
530 1383 595 1455 pro
609 1377 765 1456 tempore
785 1355 968 1432 existentes
980 1411 992 1429 ..
1016 1355 1178 1432 Habetur
1205 1361 1242 1432 itt
1268 1356 1493 1456 Compendio
1520 1357 1666 1432 Indico.
1699 1355 1749 1430 V.

199 1456 391 1553 Abfitlutio.
430 1458 560 1558 Incipit
578 1461 769 1546 Univerſss.
791 1457 879 1534 Haec
903 1458 1060 1535 extensio
1084 1458 1176 1538 satra
1207 1457 1274 1535 fuit
1300 1458 1421 1556 primi)-
1444 1460 1489 1532 ad
1516 1458 1754 1550 decendunt,

196 1560 324 1637 deinde
351 1565 395 1635 ad
421 1563 628 1648 vicennium
654 1561 698 1635 ab
722 1562 851 1636 eodem
862 1561 1039 1658 Gregorio
1051 1568 1117 1654 ,dt
1142 1558 1328 1655 succeffiv'e
1350 1561 1393 1633 ab
1419 1562 1496 1634 aliis
1518 1559 1755 1637 Pontificibus

202 1687 284 1742 cum
310 1662 578 1743 restristionibus
604 1660 760 1741 uidendis
786 1661 880 1740 insta
905 1688 1000 1738 anno
1031 1682 1141 1761 t729.
1155 1723 1159 1728 .
1173 1688 1229 1742 12.
1255 1661 1488 1740 Decembris,

488 1820 567 1948 ae0
603 1847 845 1946 uniti
882 1867 987 1945 AT
1023 1866 1041 1941 1
1078 1866 1116 1941 o
1218 1863 1434 1945 cxtvrn.

626 1988 638 2063 g
741 1971 851 2051 Anno
880 1967 986 2067 1578.
1015 1989 1050 2066 5.
1077 1967 1199 2046 Maii.

204 2174 334 2350 UT
362 2174 497 2272 possent
522 2175 714 2251 Societatis
738 2173 893 2272 religiosi
919 2177 960 2250 itt
991 2129 1139 2273 utrique
1174 2172 1277 2249 India
1312 2174 1491 2250 celebrare
1522 2195 1588 2270 per
1617 2166 1761 2247 [τόηω

326 2302 409 2353 ante
437 2302 625 2368 auroram,
651 2283 686 2354 ὅ(
713 2273 804 2351 iufra
830 2278 959 2352 horam
985 2276 1061 2376 poli
1087 2279 1296 2352 meridiem..
1328 2275 1472 2352 Mentio
1508 2271 1549 2349 fit
1577 2275 1614 2346 in
1641 2271 1761 2348 Com·

204 2378 337 2476 pendio
363 2379 498 2477 indico
515 2381 574 2455 cit.
602 2379 646 2452 V.
675 2377 798 2473 Missa.
828 2379 959 2476 Incipit
984 2385 1124 2493 Quanta
1149 2381 1185 2454 in
1210 2380 1311 2455 vinea
1347 2377 1509 2463 Domini.
1546 2374 1762 2475 Ibidemque

204 2479 654 2577 resermrctiam'bullata
682 2483 752 2556 alia
779 2481 958 2558 conceffio
983 2484 1134 2580 duplex,
1164 2484 1276 2557 astera
1304 2480 1497 2556 Alexandri
1537 2476 1602 2552 Vl.
1641 2480 1762 2555 altera

199 2581 397 2658 Clementis
422 2582 529 2660 V'l11·.
542 2605 583 2659 ut
608 2582 708 2681 possit
734 2585 1078 2660 cclebrariiduabus
1087 2583 1182 2659 horis
1199 2583 1283 2681 post
1296 2585 1452 2682 mediam
1472 2582 1610 2656 nossem
1635 2577 1757 2679 usque

205 2686 400 2759 adnona'm.
417 2684 607 2762 inclusisti.
631 2685 712 2760 sed
727 2686 825 2784 quod
851 2689 980 2762 attinet
1005 2688 1050 2762 ad
1072 2686 1232 2783 primum
1252 2687 1297 2761 de
1323 2682 1424 2760 missa
1449 2682 1659 2758 celebranda
1688 2706 1762 2781 pen·

203 2785 606 2865 horamantaeausotam
634 2790 876 2890 privilegium,
904 2785 1176 2886 supervacaneus
1202 2785 1270 2864 fuit
1296 2788 1490 2864 collesioris
1516 2783 1616 2862 labor
1640 2784 1756 2859 rit-ress

203 2886 376 2962 censenda
389 2888 459 2963 hac
469 2885 641 2962 facultate
652 2892 749 2987 quast
776 2887 935 2966 concessa
962 2892 1165 2986 presbyteris
1176 2892 1213 2964 in
1227 2911 1382 2987 utraque
1403 2887 1527 2977 lndi'a3
1551 2903 1627 2962 erat
1651 2885 1762 2961 enim

204 2989 426 3088 privilegium
451 3015 645 3066 commune
670 2992 706 3065 in
723 2993 843 3102 quavis
868 2992 1072 3091 provincia,
1098 2989 1164 3066 nist
1189 2992 1287 3090 quod
1312 2994 1350 3065 in
1376 2990 1489 3065 Indiis
1509 2986 1604 3065 fortir
1629 3008 1762 3064 occurre

206 3093 253 3166 tit
277 3087 492 3192 frequentius
520 3094 836 3191 impedimentum,
863 3093 989 3188 eausa,
1016 3098 1069 3169 vel
1095 3092 1349 3170 necessitas'ad
1375 3090 1476 3168 ulum
1505 3087 1694 3189 requisita.

310 3189 421 3292 Quod
447 3193 531 3269 veti)
561 3197 691 3271 dicitur
715 3199 819 3298 usqne*
835 3199 879 3271 ad
904 3224 1026 3274 nonam:
1045 3195 1223 3287 intlifive‘,
1250 3221 1333 3272 cave
1359 3220 1404 3269 ne
1431 3194 1611 3290 intelligat
1636 3191 1762 3267 deno-

210 3320 279 3386 na,
306 3319 410 3390 prout
435 3295 484 3372 est
509 3298 585 3372 diei
606 3324 685 3397 pars
713 3304 882 3403 incipiens
909 3302 929 3374 al
958 3321 1118 3396 tempore
1142 3300 1263 3374 medio
1299 3299 1392 3374 inter
1426 3295 1617 3372 meridiem
1644 3297 1683 3370 ἃ
1709 3289 1762 3370 se·

209 3419 378 3494 quentem
405 3400 569 3491 nudem,
593 3422 699 3498 prout
727 3406 813 3480 alias
840 3404 1011 3499 accipitur
1038 3402 1126 3478 hora
1153 3425 1272 3474 nona.
1299 3398 1373 3475 Sed
1399 3398 1629 3495 intelligenda
1656 3419 1762 3475 noun

208 3500 310 3589 juxta
334 3497 605 3580 ecclesiasticum
630 3503 740 3580 ritum
761 3560 772 3596 ,
797 3531 870 3603 quo
895 3505 1086 3582 recitando
1114 3526 1222 3576 nonae
1244 3501 1474 3600 prescribitur
1499 3499 1697 3574 meridies:-
1715 3497 1762 3575 de

210 3622 282 3698 quo
306 3601 379 3674 ritu
404 3600 519 3698 inquit
544 3599 699 3677 Lacroix
726 3611 823 3696 (a):
848 3611 917 3682 Pro
934 3604 1037 3699 sexta
1063 3611 1099 3683 ἃ
1125 3628 1222 3680 nona
1248 3606 1359 3679 etiam
1393 3600 1467 3679 sere
1491 3599 1599 3700 usque
1626 3601 1675 3674 ad
1685 3620 1762 3689 rue,-

209 3704 362 3795 ridiem,
387 3705 549 3801 quamvis
574 3729 639 3801 pro
664 3729 760 3783 nona
788 3709 877 3784 olim
903 3705 1010 3784 fuerit
1035 3729 1173 3807 tempus
1198 3709 1292 3782 eirca
1319 3707 1533 3799 prandium,
1562 3702 1762 3779 autetiam

209 3803 285 3901 post
310 3804 421 3897 illud,
448 3826 489 3879 ut
514 3807 695 3906 colligitur
720 3835 764 3886 etr
799 3811 909 3885 verbis
944 3811 1094 3906 hymni,
1130 3811 1272 3909 Largire
1307 3812 1415 3884 lamen
1452 3805 1607 3906 vespere.
1644 3801 1762 3900 Juxtoe'

208 3907 305 4004 quod
328 3930 372 3981 ex
396 3908 584 4006 priuilegio
608 3911 765 4008 presenti
792 3913 901 4012 posset
927 3914 1092 3991 celebrari
1122 3914 1215 3987 intra
1241 3909 1371 3986 horam
1396 3909 1576 3999 meridiei,
1603 3905 1674 3981 five
1710 3901 1762 3984 sit

82 4036 87 4057 ·
211 4009 286 4089 hec
312 4007 403 4084 hora
431 4011 575 4112 stmplex
604 4013 647 4087 ab
674 4018 865 4093 undecima
891 4021 927 4095 ὅ(
951 4014 1054 4091 semis
1080 4034 1310 4114 computata,
1337 4013 1405 4089 fite
1432 4011 1474 4087 stt
1509 4011 1598 4087 hora
1623 4009 1762 4107 duplex

214 4110 257 4186 ab
282 4113 469 4190 undecima
497 4118 542 4189 ad
567 4117 722 4215 primam
758 4121 1063 4217 pomeridianam.
1089 4115 1176 4214 Quo
1201 4114 1299 4192 sensu
1326 4117 1472 4216 perinde
1498 4115 1592 4189 valet
1617 4111 1762 4208 privile·

213 4215 313 4311 gium
338 4211 533 4291 Alexandri
559 4223 595 4295 ὃ(
620 4216 818 4299 Clementis
842 4222 1040 4299 celebrandi
1077 4220 1184 4321 usque
1210 4220 1256 4302 ad
1291 4244 1455 4313 nonam,
1477 4220 1593 4315 atque
1615 4212 1762 4311 Gugo·

217 4316 359 4394 rirnum
385 4319 585 4397 celebrandi
609 4322 701 4399 intra
729 4325 855 4400 horam
882 4323 958 4424 posi
982 4325 1189 4402 meridiem.
1748 4348 1758 4359 ·

309 4413 459 4518 Qodsr
484 4421 589 4516 velis,
614 4448 754 4517 nonam
776 4427 888 4524 accipi
912 4433 1090 4527 protertia
1117 4424 1379 4524 pomeridiana:
1406 4420 1755 4518 nonarnsissslsffls

219 4520 265 4599 ab
287 4519 371 4600 ortu
396 4523 539 4600 solis'in
564 4528 774 4630 equinoctio
812 4550 1092 4630 computatam,
1129 4552 1167 4604 ur
1195 4525 1282 4604 solet
1310 4527 1419 4616 aliis,
1444 4522 1649 4599 notandum
1671 4518 1762 4612 est,

118 4726 121 4732 Ι
217 4625 296 4725 post
333 4627 555 4727 privilegium
591 4634 745 4707 relattnn
779 4633 972 4711 Alexandri
1008 4632 1074 4707 Vl.
1113 4630 1269 4730 prodiisse
1304 4627 1600 4704 constitutionem
1620 4622 1676 4699 Pii
1712 4623 1762 4699 V.

218 4728 444 4824 Sandifflmas
468 4734 503 4806 in
528 4732 656 4838 <brisso
680 4742 805 4830 Pater,
829 4736 955 4813 datam
982 4759 1042 4831 29.
1068 4732 1182 4810 Matr.
1213 4739 1357 4832 1566.,
1393 4731 1489 4822 cujus
1525 4727 1762 4905 verbaHappud

1434 4960 1762 4994 Μαι-ι

225 5071 311 5145 κί’)
331 5075 475 5151 ΜΝ·
493 5097 557 5146 21³·
577 5077 621 5137 ue
640 5078 740 5138 uotis.
761 5081 785 5142 t.
810 5058 838 5133 ..1
876 5091 880 5103 ·
918 5087 922 5094 v
987 5096 990 5104 -
