3856 5678
561 363 1068 444 Arosrottcra.
1122 383 1231 465 r7qo.
1288 366 1393 461 1766.
1620 367 1701 458 ⁶29

213 530 385 603 mane.
414 529 450 581 π
488 505 673 582 Secunda:
700 506 756 580 Ne
776 502 801 577 sr
826 503 921 581 sorte
940 502 1111 605 aliquibus
1131 503 1312 579 sententiis
1332 497 1484 580 censuris
1509 507 1545 581 ἃ
1568 503 1676 601 poenis
1701 501 1744 579 ll·

213 606 314 709 gatus
325 611 366 685 stt
377 609 526 700 eunus,
553 605 870 704 prorisroinvalida
898 606 1051 702 reputari
1076 604 1316 705 possit,illum
1342 601 1490 680 absolvit
1512 604 1556 678 ad
1566 600 1743 703 effessum,

211 707 871 892 nerlumutunus
898 702 1744 902 tester..susurraretur

554 867 562 886 .
885 865 894 902 ,
1500 885 1501 889 ,

211 913 312 991 suam
338 919 375 989 in
398 912 615 1012 ampliandis
641 918 676 990 ὅ(
712 910 956 987 conservandis
981 910 1110 1001 juribus
1145 908 1279 986 satoris
1305 910 1438 987 auxilio
1476 905 1706 1007 prosequatur
1732 961 1742 981 .

216 1041 253 1091 :a
290 1015 453 1111 Qrarta:
477 1016 614 1111 Regem
641 1012 874 1090 Catholicnm
902 1013 1067 1091 hortatur
1090 1014 1125 1090 br
1149 1033 1280 1107 rogat,
1303 1031 1345 1086 ut
1371 1011 1407 1086 in
1433 1009 1573 1087 eosdem
1594 1012 1744 1086 ereetum

213 1127 248 1195 dt
269 1115 456 1192 ecclesiam
483 1115 677 1212 praesrdium
703 1114 909 1212 impendat:
938 1141 974 1186 :a
1010 1113 1169 1210 Qtinta:
1195 1111 1367 1210 Capitulo
1394 1110 1557 1188 Ecclefia
1583 1113 1625 1186 de
1654 1112 1742 1227 Aye

213 1222 318 1319 quipa
343 1219 526 1311 mandat,
562 1237 603 1292 ut
629 1216 742 1290 eleeto
766 1217 1004 1293 obedientiam
1040 1224 1075 1293 ὅ(
1111 1215 1344 1291 reverentiam
1370 1213 1504 1293 debitas
1539 1212 1705 1316 exhibeat
1732 1269 1741 1287 .

215 1343 251 1395 ε
288 1320 419 1395 Sexta:
455 1318 566 1395 Clero
602 1319 757 1393 civitatis
794 1323 830 1397 dt
864 1317 1020 1405 dioecesrs
1055 1320 1202 1395 mandat
1240 1317 1276 1392 id
1312 1316 1445 1416 ipsum.
1486 1314 1743 1490 :letimaz

213 1421 316 1498 Idem
341 1421 472 1519 populo
497 1420 650 1497 civitatis
675 1425 711 1498 dr
735 1419 915 1496 diteeesrs.
943 1441 979 1491 :a
1017 1419 1177 1497 Oblata:
1213 1416 1261 1493 Bt
1286 1416 1499 1495 vasallorum
1513 1484 1521 1501 ,,
1549 1415 1742 1494 iniversrta-

214 1520 569 1615 ri,··urfi‹te1iratem
593 1525 630 1598 dt
655 1519 821 1599 consueta
858 1521 996 1597 servitia
1023 1528 1057 1599 dt
1079 1522 1155 1612 iura
1182 1519 1410 1619 persolvant.
1439 1543 1477 1596 ε
1506 1505 1654 1611 iliona:
1690 1515 1742 1598 Ut

212 1625 384 1701 Decanus
408 1629 444 1701 bt
469 1623 754 1700 Archidiaconus
778 1625 833 1698 vel
859 1647 984 1698 eorum
1011 1627 1100 1698 alter
1127 1622 1170 1697 ab
1196 1625 1305 1698 eleeto
1324 1618 1572 1721 professionem
1598 1620 1679 1698 fidei
1689 1647 1743 1698 re-

212 1729 327 1824 cipere
353 1747 472 1805 curet.
502 1747 540 1801 :s
576 1723 757 1800 Decima:
784 1725 841 1798 Ad
853 1722 1145 1823 supplicationem
1170 1725 1292 1815 elesii,
1319 1745 1358 1799 ut
1385 1726 1406 1799 d
1431 1748 1652 1822 quocumque
1664 1750 1744 1800 rna-

213 1830 319 1903 luerit
344 1826 540 1902 Catholico
567 1824 758 1918 Antistite',
788 1827 908 1902 accitis
929 1832 965 1903 d(
991 1828 1026 1899 in
1053 1827 1122 1902 boc
1149 1824 1210 1900 stbi
1236 1824 1463 1902 affluentibus
1486 1831 1582 1915 (tv)
1609 1824 1744 1901 duabus

212 1928 368 2032 personis
393 1931 429 2002 in
454 1928 629 2024 dignitate
652 1926 884 2004 ecclesiastica
909 1927 1131 2020 constitutis,
1157 1952 1284 2005 munus
1310 1926 1584 2005 consecrationis
1610 1927 1742 2024 recipe-

214 2057 249 2107 re
276 2033 415 2106 valeat:
442 2048 587 2130 recepto
610 2029 704 2128 prius
719 2054 787 2129 per
812 2054 895 2105 eum
920 2027 1104 2108 fidelitatis
1120 2031 1345 2122 juramento,
1371 2030 1470 2119 iuxta
1496 2025 1654 2108 sormam
1677 2025 1743 2103 eis·

212 2137 292 2210 dem
320 2134 445 2209 litteris
469 2134 714 2210 adnotatam.
750 2131 923 2208 Decernit
950 2151 1098 2223 tamen,
1133 2132 1228 2230 quod
1260 2126 1385 2206 sinon
1412 2156 1576 2229 recepto,
1613 2156 1743 2207 munus

194 2232 405 2336 praefatum
425 2235 576 2331 recipere
601 2239 638 2313 dt
663 2234 863 2332 impendere
890 2230 1200 2332 praesumpserint,
1227 2231 1248 2306 d
1274 2230 1533 2330 pontificalibus
1558 2238 1594 2310 de
1629 2234 1741 2308 admi·

212 2333 424 2411 nistratione
447 2336 616 2432 spirituali
641 2339 677 2411 dt
703 2335 891 2432 temporali
911 2331 1063 2432 suspensi
1089 2331 1180 2410 srnt.
1208 2334 1295 2410 Vult
1320 2335 1431 2410 etiam
1456 2355 1497 2409 ut
1523 2331 1741 2424 formamin-

214 2437 369 2512 rameuti
394 2434 535 2534 prestiti
562 2458 623 2532 per
647 2436 786 2512 litteras
796 2437 1009 2533 quantocius
1035 2435 1141 2513 adse
1165 2434 1338 2511 destinare
1363 2455 1547 2534 procuret3
1576 2438 1743 2537 quodque

213 2561 275 2638 per
300 2537 371 2613 boc
397 2534 693 2636 Archiepiscopo,
718 2536 776 2610 eui
800 2539 874 2624 iure
898 2538 1168 2636 metropolitico
1182 2535 1314 2630 subest,
1342 2540 1479 2615 nullum
1505 2539 1741 2637 praeiudicium

211 2660 376 2738 paretur.
403 2639 536 2714 Forma
562 2636 645 2712 verb
672 2638 863 2728 juramenti
889 2637 960 2713 est:
986 2638 1065 2736 Ego
1091 2639 1138 2716 N.
1167 2639 1306 2715 abbae
1333 2641 1423 2715 hora
1461 2642 1497 2715 in
1524 2661 1630 2715 antea
1655 2638 1741 2728 fide·

212 2743 254 2816 lis
278 2763 343 2815 ero
368 2747 404 2820 δι
428 2739 597 2819 obediens
619 2737 660 2814 Β.
682 2735 855 2817 Petro...
881 2738 1019 2838 suisque
1039 2736 1284 2820 successoribus
1298 2741 1477 2820 canonici
1503 2741 1740 2819 intrantibus:

210 2867 287 2918 non
311 2866 374 2918 ero
399 2844 442 2919 itt
462 2839 634 2932 consilio,
662 2862 724 2918 aut
761 2837 954 2933 consensu,
993 2843 1048 2917 vel
1074 2839 1189 2934 sallo,
1216 2844 1320 2939 utin
1355 2869 1483 2922 eos...
1510 2844 1644 2935 iniuriae
1674 2845 1760 2933 ali·,

209 2969 286 3042 quae
311 2941 509 3020 inserantur
532 2946 656 3042 quovis
682 2942 827 3040 quaesito
852 2944 997 3019 colore:
1022 2942 1210 3020 consilium
1238 2932 1321 3019 verb
1345 2947 1441 3045 quod
1468 2946 1557 3022 mihi
1585 2946 1740 3024 creditu·

211 3047 241 3121 ri
265 3043 345 3122 sunt
371 3071 433 3146 per
457 3041 492 3121 se
518 3066 581 3120 aut
606 3045 751 3120 nuntios
777 3045 835 3121 seu
860 3047 1016 3138 litteras,
1047 3045 1093 3121 ad
1115 3069 1242 3121 eorum
1267 3047 1466 3140 damnum,
1491 3073 1548 3124 me
1574 3048 1740 3141 sciente,

210 3147 346 3224 nemini
371 3149 579 3246 pandetur.
614 3144 791 3246 Papatum
826 3149 1061 3240 Romanum,
1097 3148 1290 3244 &regalia
1325 3147 1362 3222 S.
1392 3145 1488 3223 Petri
1514 3130 1655 3241 adilrtor
1689 3152 1742 3229 eis

192 3273 274 3326 ero
300 3248 345 3324 ad
370 3251 598 3326 retinendum
620 3246 941 3326 &defendendum
974 3269 1101 3324 eontra
1126 3251 1287 3346 quemvis
1320 3249 1527 3326 hominem.
1562 3250 1741 3350 legatum
1817 3250 1843 3277 ”⁴

213 3349 427 3450 Apostoliea
451 3351 554 3428 Sedis
576 3348 774 3426 honorifice
802 3351 983 3442 nudabo,
1016 3355 1053 3429 dt
1079 3353 1117 3426 in
1142 3348 1209 3424 suis
1234 3347 1494 3447 necessitatibus
1529 3346 1740 3445 adiuvabo&

210 3451 319 3549 Jura,
354 3452 574 3532 honores&
598 3454 803 3551 privilegia,
829 3458 865 3530 dt
891 3452 1148 3531 authoritatem
1184 3452 1373 3531 Romana¹
1386 3451 1583 3548 Ecclesiae,
1614 3455 1664 3531 1).
1686 3453 1740 3541 N.

211 3553 337 3655 Papa,
363 3560 400 3634 dt
423 3553 654 3634 successorum
679 3552 948 3631 conservare...
975 3559 1011 3633 dt
1035 3575 1244 3654 promovere
1268 3554 1419 3631 durabo.
1436 3611 1472 3630 ..
1497 3558 1652 3655 Regulas
1677 3556 1741 3643 SS.

210 3653 382 3752 Parrum,
402 3657 618 3737 decreta...
642 3664 679 3737 dt
703 3658 871 3732 mandata
899 3655 1090 3756 apostolica
1118 3658 1207 3734 totis
1229 3656 1357 3736 vinbus
1374 3657 1596 3750 observabo,
1630 3664 1669 3739 &·
1689 3652 1742 3739 fi·

199 3760 306 3833 eiam
333 3760 377 3835 ab
404 3762 481 3835 aliis
506 3760 703 3838 observari.
725 3758 945 3849 Haereticos,
972 3765 1008 3836 dr
1032 3757 1296 3850 schismaticos,
1321 3757 1528 3858 rebellesqtre
1554 3759 1604 3835 D.
1630 3763 1677 3838 N.
1704 3765 1744 3840 dt

193 3857 457 3937 'srtceesiotibtu
483 3888 546 3961 pro
574 3859 669 3960 posse
695 3859 940 3962 persequar&
965 3860 1202 3960 impugnabo.
1231 3859 1391 3934 vocatus
1418 3863 1463 3936 ad
1488 3862 1661 3953 synodum
1683 3887 1741 3940 ve·

209 3963 341 4054 niam,
367 3961 433 4036 nist
458 3965 666 4061 prepeditus
689 3961 793 4041 suero
816 3963 991 4037 canonica
1017 3963 1290 4061 prepeditione.
1326 3961 1579 4058 Apostolorum
1613 3968 1742 4041 limina

209 4060 353 4162 srugulis
378 4063 560 4140 decenniis
581 4061 731 4143 visitabo
753 4064 1003 4165 personaliter,
1030 4072 1066 4143 dt
1089 4064 1255 4140 Domino
1278 4068 1315 4146 ἃ
1340 4061 1473 4138 success
1492 4065 1585 4140 ribus
1617 4064 1740 4165 praefa-

210 4169 257 4244 tis
282 4167 461 4241 rationem
496 4165 645 4242 reddam
681 4168 727 4242 de
761 4176 839 4242 toto
865 4165 1030 4265 pastorali
1054 4164 1200 4257 officio,
1234 4165 1279 4242 de'
1302 4164 1469 4266 rebusque
1517 4169 1540 4241 d
1578 4166 1744 4244 Ecclesiae

209 4292 298 4344 mete
324 4267 480 4358 siarum,
508 4271 554 4344 ad
611 4268 661 4342 eri
687 4272 723 4345 u
749 4270 868 4368 populi
896 4269 965 4342 mei
1003 4265 1226 4368 disciplinam
1250 4268 1567 4368 pertinentibus...
1605 4266 1745 4371 Quodst

210 4370 408 4467 legitimos
473 4371 656 4445 edimento
682 4371 845 4446 detentus
869 4367 972 4444 sueto
998 4368 1143 4467 prasata
1170 4373 1294 4446 omnia
1332 4371 1532 4468 adimplebo
1567 4375 1743 4468 pernun-

187 4475 302 4548 -rium
323 4473 374 4546 -ad
399 4471 472 4546 lroe
494 4471 645 4568 speciale
672 4473 883 4549 mandatum
908 4471 1099 4548 habentem
1124 4473 1169 4546 de
1192 4474 1332 4569 gremio
1365 4472 1525 4570 Capituli
1557 4475 1652 4565 rues,
1678 4495 1743 4550 aut

213 4575 326 4649 alium
348 4573 588 4673 indignitate
612 4570 844 4649 ecclesiastica
870 4571 1170 4649 constitutum...
1206 4572 1497 4672 Dehujusmodi
1531 4598 1652 4650 autem
1678 4578 1744 4650 im·
1864 4643 1868 4650 .

174 4694 181 4707 ·
208 4677 582 4776 pauimento-donno
609 4698 668 4772 per
692 4676 873 4770 legitimas
897 4675 1124 4771 probationes
1147 4675 1192 4751 ad
1215 4674 1252 4751 S.
1275 4676 1326 4754 R.
1350 4675 1747 4754 &carenitanum

209 4796 405 4875 ponentem
442 4779 480 4857 in
516 4778 806 4874 Congregatione
839 4776 876 4852 S.
903 4775 948 4850 C.
974 4775 1180 4852 Tridentini
1217 4800 1277 4875 per
1308 4775 1540 4876 supradielum
1577 4783 1746 4857 nuntium

185 4880 524 4957 ‘transmittendam
541 4877 778 4956 'possessiones
802 4878 887 4953 'verb
913 4877 959 4951 ad
984 4877 1144 4954 mensam
1168 4880 1528 4977 meam'pertinente‘s
1551 4894 1625 4958 non
1654 4895 1746 4956 ”uen-

209 4983 317 5083 dam,
347 5008 412 5060 nec
439 4982 606 5076 donabo,
631 5005 695 5059 nec
722 4982 844 5079 aliquo
870 4981 985 5056 modo
1008 4981 1199 5072 alienabo,
1226 5005 1291 5055 uec
1315 4981 1586 5079 impignorabo,
1612 4983 1747 5058 accde

195 5078 316 5165 suoru.
330 5074 544 5182 infeudabo,
569 5085 687 5164 etiam
708 5107 792 5162 cum
815 5079 987 5160 consensu
1011 5079 1195 5181 Capituli,
1221 5081 1421 5160 inconsulto
1446 5080 1750 5262 Ronmanoafilc'eon-¹

1601 5209 1627 5258 u
