3864 5686
353 272 360 279 ”
473 230 972 364 apostoticae.
1032 292 1136 383 1564.
1195 292 1300 360 1600.
1527 300 1599 382 ²5³

133 424 320 499 nominatis
345 445 476 522 negat,
501 427 601 502 usum
626 423 772 502 balsami
796 423 946 508 extitisse
973 428 1009 501 in
1034 424 1176 502 ecclesia
1204 444 1287 501 ante
1311 422 1474 499 sacculum
1499 421 1588 516 vt,
1613 428 1651 502 dt

131 525 185 601 SS.
212 525 406 624 Gregorios
430 526 608 627 Magnum
634 534 670 604 dt
695 527 939 604 Turonensem
967 531 1018 604 ait
1042 526 1109 605 effe
1134 531 1289 627 primos,
1312 528 1349 601 in
1374 551 1524 625 quotum
1549 525 1652 623 scrip-

131 629 172 702 tis
197 646 298 702 extet
323 631 519 722 memoria,
546 637 581 708 u
605 630 709 724 hujus
732 633 933 707 cerimoniae
959 631 1160 728 vestigium.
1188 631 1270 704 Huc
1298 652 1418 703 tamen
1443 627 1651 727 nonprobat

130 749 211 803 tunc
240 730 395 827 primiam
419 729 485 806 else
512 731 730 825 institutam,
755 757 839 806 cum
863 732 998 807 conllet
1035 733 1219 829 primitivae
1255 729 1407 805 ecclesiae
1444 728 1680 805 christianos

123 827 243 906 solitos
268 829 334 906 else
359 833 471 908 sacras
496 835 704 909 cerimonias
731 835 895 911 adhibere
928 837 1023 908 clam
1049 834 1094 911 ad
1121 835 1282 908 vitandos
1320 831 1442 908 abusus
1476 839 1512 911 bt
1536 829 1651 929 prosa·

122 935 332 1027 nationem,
356 960 463 1033 quam
490 937 534 1011 ab
558 932 753 1011 infidelibus
779 936 973 1027 timebant,
999 943 1035 1013 dt
1060 957 1145 1009 tunc
1172 934 1327 1009 maxime
1352 930 1493 1032 vigastlse
1511 931 1649 1033 ,fatentia

120 1035 237 1133 legem
274 1036 318 1109 de
353 1037 451 1111 rebus
477 1036 598 1112 sacris:
624 1039 669 1112 dc
694 1062 766 1135 quo
791 1039 868 1111 vide
895 1037 933 1112 P.
960 1036 1134 1112 Carolum
1160 1036 1356 1111 Metlinum
1391 1037 1428 1109 S.
1468 1035 1500 1129 J.
1539 1040 1648 1124 (a).

115 1134 187 1210 Sed
215 1142 252 1214 &
277 1132 404 1213 salsum
428 1137 501 1229 cst,
526 1141 665 1212 nullum
691 1142 736 1212 de
762 1136 824 1211 usu
850 1139 996 1215 balsami
1020 1159 1142 1214 extare
1170 1137 1349 1237 vestigium
1377 1157 1461 1211 ante
1487 1136 1650 1210 sacculum

117 1236 214 1329 VL,
241 1263 328 1312 nam
355 1242 390 1312 in
416 1240 584 1315 Concilio
610 1240 791 1316 Toletano
819 1239 847 1312 Ι.
875 1267 973 1316 anno
998 1264 1083 1338 400.
1111 1239 1151 1314 stt
1178 1241 1315 1315 mentio
1352 1262 1523 1337 tanquam
1547 1238 1654 1313 dere

103 1339 208 1438 pene
235 1340 360 1437 ubique
386 1339 541 1432 seriari,
566 1342 609 1414 de
634 1339 843 1432 chrismate,
869 1368 940 1416 non
967 1341 1138 1440 simplici,
1164 1343 1259 1441 quod
1283 1343 1366 1415 oleo
1392 1338 1536 1428 stnceto
1565 1362 1652 1415 con-
1727 1328 1730 1343 '

102 1441 240 1514 venire
267 1441 398 1539 potest,
423 1441 481 1516 sed
507 1445 550 1516 de
575 1442 765 1518 chrismate
790 1441 973 1521 confesso.
1002 1444 1050 1519 Et
1075 1447 1170 1543 quod
1195 1437 1452 1517 consestioharc
1478 1439 1585 1515 l'uerit
1605 1462 1652 1515 ett

97 1541 303 1635 balsamo,
332 1541 494 1621 suadetur
521 1544 644 1618 Amati
672 1565 906 1641 argumento,
933 1570 1018 1621 nam
1044 1545 1119 1619 haec
1145 1543 1193 1619 est
1219 1543 1387 1642 posterior
1411 1540 1651 1638 ecclestaepta-

89 1642 168 1717 xis
199 1698 211 1736 ,
250 1650 285 1722 dt
321 1649 457 1720 nullum
494 1666 593 1720 extat
630 1644 811 1744 vestigium
848 1648 883 1723 in
908 1647 978 1724 hac
1002 1643 1193 1747 praxi‘else
1218 1642 1349 1722 fastam
1375 1647 1649 1721 mutationem.

85 1743 220 1863 Ergo
248 1752 282 1823 dt
308 1750 389 1821 talis
414 1767 489 1822 erat
516 1749 630 1846 praxis
658 1749 834 1823 anterior.
1595 1770 1599 1779 ·

226 1848 381 1936 Objicies
411 1869 444 1946 3.
472 1849 508 1923 S.
537 1847 749 1943 Dionysium
776 1850 845 1938 (b)
873 1851 1048 1938 aientem:
1077 1857 1125 1923 Un
1147 1851 1239 1923 nenti
1264 1906 1273 1924 .
1294 1905 1333 1922 ..
1362 1845 1513 1946 perfufio
1538 1849 1570 1923 ei
1591 1846 1653 1946 qui

72 1946 283 2024 initiatus
307 1949 378 2041 cli,
402 1950 576 2025 suavitate
601 1952 719 2025 odoris
746 1947 960 2049 fragrantem
979 1952 1091 2045 facit.
1119 1877 1296 2049 inquibus
1320 1954 1462 2040 oleum,
1488 1946 1653 2023 nonsrm-
1705 2008 1711 2017 .

68 2052 224 2146 plex,
252 2050 310 2125 sed
346 2050 590 2146 balsamatam,
631 2073 671 2126 nt
712 2055 864 2150 appellat
898 2053 949 2128 D.
978 2055 1139 2129 Thomas
1164 2051 1401 2152 significatur.
1427 2051 1475 2125 Et
1511 2048 1658 2124 inseritis

78 2154 202 2244 ait,
228 2175 312 2227 cum
339 2156 447 2228 titum
472 2151 540 2227 elle
563 2155 737 2228 traditum
766 2155 809 2228 ab
834 2153 1011 2252 Apostolis
1037 2177 1077 2229 ut
1102 2156 1285 2246 diuinum,
1312 2160 1348 2232 dt
1374 2151 1529 2241 eiusdem
1564 2150 1658 2226 ordi-

62 2254 176 2328 nis
204 2251 487 2331 &efficacitatis
525 2279 567 2328 ac
601 2252 740 2346 synaxis
777 2255 1039 2331 sacramentalia
1077 2254 1135 2331 seu
1170 2257 1379 2331 communio
1403 2309 1413 2327 .
1440 2253 1591 2328 Accedit
1610 2249 1654 2328 8.·

55 2350 269 2431 Fabiani
294 2352 398 2455 Papae
422 2361 493 2446 (c)
532 2354 731 2430 authoritas
766 2359 811 2431 ad
836 2357 1015 2456 episcopos
1050 2359 1239 2433 orientales
1271 2356 1472 2432 scribentis:
1499 2353 1659 2441 ,autern
1773 2362 1776 2367 '

55 2455 278 2532 velitis.
307 2511 317 2530 .
344 2511 353 2529 .
383 2456 552 2532 insertum
580 2457 800 2550 invenimus,
826 2457 997 2557 quosdam
1022 2459 1174 2555 regionis
1199 2458 1315 2534 vestra
1350 2455 1539 2558 Episcopus
1566 2509 1575 2528 .
1602 2507 1614 2528 .
1645 2502 1660 2527 .

39 2577 199 2634 :non
225 2580 286 2654 per
311 2556 463 2658 singulos
483 2582 603 2633 annos
632 2561 667 2633 in
693 2557 808 2634 Coena
835 2560 986 2635 Domini
1008 2561 1166 2635 chrisma
1187 2560 1365 2639 conficere
1393 2615 1401 2630 .
1432 2613 1441 2632 .
1467 2614 1479 2631 .
1515 2557 1655 2632 Dicunt

39 2663 243 2752 enirn,
271 2684 336 2736 nec
357 2661 558 2737 balsamum
584 2684 644 2758 pet
670 2659 821 2758 singulos
858 2688 969 2737 annos
996 2663 1088 2759 polle
1115 2665 1278 2760 reperiri.
1317 2662 1446 2736 Errant
1471 2662 1532 2757 qui
1567 2660 1656 2733 talia

39 2765 334 2863 excogitant.
362 2764 409 2839 Et
435 2764 517 2840 ibid.
545 2762 661 2858 inquit
686 2762 860 2861 expresse,
885 2763 1068 2838 Chrislum
1093 2765 1297 2840 Dominum
1325 2759 1660 2861 Apostolosdocuis·

28 2854 158 2937 {e
186 2862 337 2939 chrisma
362 2865 559 2954 conficere,
575 2867 665 2948 ſscat
692 2864 714 2937 a*
739 2865 873 2939 Sandis
897 2864 1055 2963 Apolialr's
1076 2867 1303 2964 predecessores
1328 2863 1425 2949 nassri
1447 2876 1657 2960 acceperant.

13 2948 172 3041 Ξῖ
200 2964 464 3060 &Cyprianus
489 2965 649 3038 sermone
673 2967 718 3039 de
742 2963 845 3044 Unst.
873 2966 1013 3040 chrism.
1040 2969 1154 3064 inquit
1180 2996 1193 3039 .·
1231 2968 1336 3041 Hodie
1363 2968 1398 3039 in
1424 2963 1577 3040 Ecclesia
1604 2963 1658 3040 sa·

10 3082 227 3138 Qrum
253 3064 403 3140 chrisma
428 3064 648 3155 conficitur,
675 3067 710 3137 in
737 3092 808 3164 quo
832 3069 987 3141 mixtum
1022 3067 1105 3142 oleo
1137 3067 1335 3147 ‚balsamum
1361 3069 1462 3165 regiae
1487 3073 1523 3143 dt
1547 3064 1658 3141 sacer·

9 3166 257 3241 <dotalis
283 3168 404 3262 gloriae
427 3167 594 3264 exprimit
621 3167 818 3258 unitatem,
837 3167 967 3265 quibus
991 3169 1220 3266 dignitatibus
1231 3169 1411 3243 initiandis
1436 3165 1663 3242 divinititseli

57 3269 252 3343 §inhio
277 3266 452 3353 instituta.
523 3310 526 3319 =
1580 3272 1589 3287 “

227 3367 356 3467 Resp,
382 3386 622 3467 unguentum,
647 3369 690 3441 de
716 3394 787 3465 quo
813 3368 1029 3464 Dionysius,
1056 3396 1128 3446 non
1155 3368 1221 3446 else
1244 3370 1434 3446 materiam
1470 3370 1575 3444 ullius
1608 3366 1661 3445 sa:

64 3472 327 3561 -aeramcnti,
353 3469 420 3544 nist
444 3488 616 3570 quatenus
641 3469 902 3546 sacramentum
929 3477 1100 3570 accipitur
1118 3499 1192 3585 pro
1217 3496 1254 3548 te
1279 3470 1400 3565 sacra,
1425 3497 1496 3570 qua
1534 3469 1660 3567 myste-

124 3573 219 3646 rium
246 3574 470 3646 continetur.
499 3567 604 3644 Patet
631 3571 726 3663 hoc,
753 3598 838 3646 nam
860 3573 966 3662 huius
991 3577 1160 3672 unguenti
1183 3571 1485 3672 compositionem
1509 3570 1577 3648 elle
1604 3575 1662 3650 di·

107 3675 171 3749 ‹it
196 3673 412 3748 calladiionem
434 3673 615 3769 'qnamdam
644 3671 878 3770 fragrantium
915 3678 1166 3752 materiarum:
1203 3678 1299 3774 quod
1338 3677 1453 3773 potiits
1486 3678 1660 3751 convenit

125 3771 306 3850 cittismati
332 3775 539 3850 Graecorum
564 3797 608 3848 ex
647 3777 865 3851 aromatibus
902 3780 1052 3875 amplius
1079 3779 1225 3874 triginta
1252 3797 1375 3873 praeter
1400 3781 1592 3857 oleum&
1616 3779 1664 3852 ui·

127 3900 213 3952 num
238 3874 424 3969 confessu,
451 3874 495 3949 de
520 3897 591 3973 quo
618 3876 696 3948 vide
720 3876 763 3950 C.
791 3878 836 3950 de
861 3876 964 3976 Lugo
990 3882 1036 3966 (d
1048 3885 1086 3968 ),
1111 3885 1157 3963 t&
1191 3879 1424 3951 recentiorem
1448 3877 1662 3973 ,Ruppteobt

127 3982 218 4069 (a).
247 3976 425 4078 Loquitur
451 3974 644 4068 Dionysius
669 3979 714 4050 dc
739 3999 944 4073 unguento,
963 4004 1040 4076 quo
1066 3974 1210 4052 ecclesia
1247 3977 1290 4048 ad
1327 3998 1453 4049 omncm
1488 3978 1538 4049 rei
1558 3975 1663 4070 sacra

127 4077 394 4180 consecrationem
419 4082 557 4168 utitur,
584 4097 625 4151 ut
655 4081 775 4151 altatis
800 4085 835 4155 bt
859 4077 1040 4153 sacrorum
1066 4076 1251 4171 vasorum,
1273 4077 1373 4176 quod
1400 4101 1465 4175 pro
1501 4077 1664 4169 ecclesia·

126 4199 208 4257 nam
234 4183 333 4256 varia
361 4181 614 4257 consuetudine
639 4177 752 4276 potest
779 4178 845 4252 esse
867 4181 1027 4255 varium.
1648 4194 1667 4237 ''-

229 4284 316 4358 Non
344 4286 394 4357 ait
421 4339 433 4375 ,
454 4287 569 4358 ritum
595 4282 715 4355 oleum
739 4279 957 4358 balsamandi
986 4283 1156 4359 traditum
1182 4280 1249 4360 csse
1275 4283 1319 4358 ab
1346 4281 1523 4381 Apollolis
1547 4302 1588 4359 ut
1611 4282 1668 4358 dh

117 4387 279 4477 vinum,
306 4382 364 4458 sed
390 4384 491 4460 verba
518 4382 619 4457 sunta
646 4384 733 4454 Unde
757 4387 907 4484 opinor,
933 4385 1031 4472 juxta
1058 4381 1192 4462 sensum
1226 4385 1509 4477 hierarchicum,
1545 4387 1605 4483 qui
1640 4384 1669 4460 l

112 4475 216 4563 Deo
245 4487 397 4562 traditus
423 4486 494 4580 est,
520 4482 632 4560 divini
659 4484 710 4561 ilii
738 4484 949 4563 sacramenti
976 4486 1085 4563 nostri
1109 4490 1244 4565 ordinis
1269 4489 1375 4562 duces
1402 4484 1566 4562 'sancium
1592 4486 1669 4561 hoo

113 4591 306 4688 unguenti
344 4574 552 4684 mystesium
578 4595 702 4692 tabern*
728 4610 858 4663 vocant
880 4611 903 4682 ,·
931 4589 1015 4664 idest
1042 4588 1377 4687 consecrationem,
1411 4591 1513 4688 quod
1553 4588 1667 4685 teipsa·

1526 4738 1612 4789 con·

138 4824 1665 4969 mffffixmmrmffffin‘m7

155 4968 224 5038 ¹(hl
245 4968 353 5041 Dionys.
375 4987 437 5035 cap.
460 4992 486 5036 t·
506 4970 542 5029 de
560 4974 636 5032 Eccl.
650 4974 733 5032 :slier-
752 4973 787 5032 t.
802 4984 833 5028 ἰ.
956 4969 1015 5041 (e)
1035 4967 1176 5028 a‘tentar.
1204 4962 1379 5035 numech,
1409 4963 1441 5024 in
1468 4965 1513 5026 tit·
1532 4963 1578 5029 De
1602 4966 1668 5039 Stet

164 5047 223 5116 sc)
244 5051 272 5105 S.
291 5046 363 5108 fad.
377 5042 417 5107 a’.
438 5048 523 5120 Epiri.
544 5069 570 5104 a.
919 5042 1004 5107 unii-¹·
1147 5066 1150 5071 ·
1623 5044 1633 5071 ’
