3864 5686
526 322 1032 407 Arosroltcrn.
1088 348 1198 423 1500.
1253 331 1361 425 1563.
1594 346 1659 423 153

193 464 351 563 cuiquam
380 459 517 538 &Sede
541 463 747 561 Apostolica
774 465 865 545 {adia
889 488 1094 545 executores
1118 465 1250 545 luerint
1276 466 1458 567 deputati,
1492 488 1632 565 aequum
1665 464 1714 543 es·

191 564 220 641 se
242 560 446 657 censemus,
470 584 512 639 ut
548 561 635 642 ssent
660 566 732 665 ipsa
764 569 879 664 gracia
918 570 1044 659 (licet
1070 572 1230 645 nondum
1254 567 1299 643 srt
1335 565 1471 657 ineius
1507 569 1715 645 executione

193 660 383 766 procellunt
398 670 423 755 ·)
443 688 563 743 morte
586 691 661 742 non
687 670 872 767 perimitur
896 672 1145 764 concedentis,
1172 668 1220 744 fic
1247 694 1376 747 necte
1402 670 1540 769 integra
1627 672 1716 745 ima·-¹

189 789 240 843 tur
269 766 514 841 executoribus
538 770 624 843 data
652 768 822 867 potestas,
848 796 957 869 quarn
983 774 1095 849 veluti
1120 775 1245 871 grana
1268 772 1436 871 predistae
1620 772 1715 862 am,

191 890 353 945 neutram
378 871 543 965 congruit
566 866 660 967 sequi
679 873 893 973 principalis.

232 974 333 1059 (tlt)
359 974 396 1041 A
413 966 487 1061 ficis
505 970 796 1069 predecefforilar.
822 976 1113 1068 denudandae,
1142 976 1254 1073 inquit
1279 976 1488 1054 Rodericius
1531 976 1601 1049 loc.
1627 975 1714 1067 cit.,

189 1072 261 1148 litut
288 1066 501 1145 confirmata
525 1096 602 1169 qun
626 1096 688 1171 per
711 1074 905 1151 Nicolaum
932 1078 1002 1169 V.‚
1027 1076 1246 1173 Gregorium
1270 1075 1360 1169 IX„
1395 1074 1556 1151 Leonem
1592 1074 1637 1153 Χ.
1665 1078 1713 1149 A·

193 1174 354 1247 drianum
378 1170 444 1245 vl
468 1170 693 1249 Clementem
718 1173 828 1268 vll,
853 1182 890 1257 dt
916 1178 1006 1252 alios
1030 1174 1222 1253 Pontifices
1246 1178 1327 1255 lunt
1348 1174 1513 1253 concessa
1537 1176 1628 1267 illis,
1653 1176 1714 1277 qui

194 1274 233 1349 td
261 1270 460 1347 infidelium
486 1294 603 1370 partes
629 1277 675 1349 ad
699 1277 829 1351 didam
854 1276 1121 1353 conversionem
1133 1278 1398 1377 proficiscimur.
1422 1276 1495 1354 Sed
1522 1276 1715 1379 posteino-

192 1398 261 1451 tare
287 1374 383 1463 jubet
408 1400 472 1465 ea,
497 1400 575 1473 quar
600 1376 860 1473 praedecessores
884 1376 1123 1455 concelierunt
1146 1406 1230 1455 cum
1256 1380 1436 1473 clausula,
1474 1380 1537 1453 vbi
1569 1404 1629 1453 ms
1642 1380 1716 1465 fin!

194 1476 321 1577 episcopi
328 1501 340 1549 r
364 1500 411 1551 ne
435 1472 586 1573 religiosi
610 1498 736 1576 putent
761 1504 802 1553 ea
829 1478 890 1553 srbi
916 1482 1044 1572 licere,
1070 1480 1131 1555 ubi
1155 1481 1230 1571 jam
1252 1478 1356 1557 sunt.

231 1582 332 1667 (lv)¹
355 1576 414 1649 Ad
435 1576 567 1651 candias
587 1581 770 1675 pertinere.
796 1591 932 1676 Araque
956 1585 1010 1655 los
1036 1581 1157 1679 privile
1182 1584 1233 1655 ior
1257 1579 1340 1657 sean
1365 1580 1578 1657 concedidos
1611 1581 1633 1653 i
1657 1582 1711 1653 los

194 1676 366 1777 religiosos
389 1679 435 1751 de
460 1680 516 1751 las
536 1676 698 1755 Ordenes
723 1680 970 1789 Mendicantes
996 1682 1128 1785 (verba
1151 1606 1234 1757 funt
1259 1683 1320 1757 Ill.
1358 1683 1598 1781 Montenegro
1621 1676 1713 1775 Qi-

196 1778 291 1855 ttnfis
317 1776 478 1877 Episcopi
503 1778 564 1851 lib.
593 1804 627 1875 5.
665 1779 788 1857 Itiner.
824 1781 1015 1859 Parochor.
1044 1805 1087 1857 tr.
1116 1783 1146 1857 1.
1183 1782 1261 1857 sest.
1297 1808 1352 1858 ro.
1379 1808 1478 1858 nurn.
1507 1802 1541 1878 3.
1563 1788 1604 1873 ),
1630 1806 1712 1879 pue·

195 1882 253 1957 den
278 1878 362 1957 usur
385 1880 432 1953 de
454 1880 542 1953 ellos
564 1882 620 1957 los
642 1881 822 1981 religiosos
848 1888 1072 1974 monacales,
1099 1902 1231 1982 porqne
1255 1910 1320 1981 por
1343 1888 1381 1959 la
1401 1883 1712 1960 communieacion

197 1986 231 2057 de
255 1982 458 2079 privilegius
481 2004 548 2078 que
574 1982 692 2057 tienen
714 1986 844 2059 todos:
880 1984 917 2059 se
950 1984 1127 2062 eliienden
1152 1986 1324 2061 tambicn·
1348 1986 1369 2059 a
1394 1988 1448 2059 los
1471 2008 1539 2083 que
1571 2008 1622 2059 no
1645 1982 1711 2057 ion

198 2082 460 2174 Mendicantes‚
484 2106 593 2157 como
615 2086 695 2159 dice
719 2084 872 2162 Manuel
892 2086 1099 2185 Rodriguez
1125 2089 1294 2163 tratando
1308 2088 1364 2163 -de
1388 2088 1442 2163 los
1471 2086 1673 2184 privilegius
1697 2136 1711 2175 ,

197 2183 1714 2383 l‘clstlc‘h‘llssilllh‘‘gil‘llhlmfllhgl‘llhldlhlbl''¹⁰⁹3ch

338 2378 341 2383 .
1447 2342 1463 2381 2

197 2384 389 2465 carnnalis
413 2384 597 2483 Burgensrs
623 2389 660 2462 in
680 2386 837 2484 exprella
854 2392 1059 2483 -crnceffloae⁴
1086 2387 1274 2487 Hucusque
1299 2388 1562 2485 Montenegro.

284 2486 358 2565 ¹Sed
380 2488 591 2565 Rodericius
626 2512 700 2563 non
734 2490 840 2566 habet
877 2492 974 2589 quod
1008 2491 1189 2589 privilegia
1226 2489 1514 2566 Mendicantibus
1547 2484 1710 2563 concerta

193 2588 425 2665 extendentur
451 2588 498 2663 ad
523 2586 748 2683 Monacbos,
784 2616 898 2689 neque
933 2592 979 2669 ad
1003 2616 1079 2665 non
1104 2588 1377 2684 Mendicantes,
1412 2590 1546 2665 led'ad
1570 2590 1712 2687 religio-

199 2690 248 2765 ios
276 2693 310 2765 in
334 2690 441 2766 Nouo
465 2687 584 2783 Orbe,
611 2692 745 2790 inquo
771 2714 856 2767 tunc
882 2718 956 2769 non
979 2712 1112 2783 erant,
1144 2717 1213 2768 nec
1238 2694 1349 2767 modo
1375 2690 1519 2768 stabiliti
1550 2688 1632 2765 sumt
1655 2714 1714 2763 or·

197 2792 289 2867 dines
306 2790 562 2884 monachales,
587 2790 714 2867 saltem
740 2796 778 2867 in
801 2794 911 2889 Regis
945 2794 1128 2871 Catholici
1162 2794 1333 2885 ditione,
1368 2798 1515 2891 excepta
1550 2814 1622 2865 una
1658 2794 1713 2863 sel

199 2894 303 2969 altera
327 2892 408 2968 sede
432 2893 477 2967 ad
487 2891 732 2970 Benediuinos
757 2899 977 2993 pertinente,
1002 2895 1150 2992 quadiu
1176 2892 1275 2993 poll,
1299 2918 1397 2969 anno
1421 2892 1712 2989 uidelicct1590.

198 3012 230 3069 tn
249 2994 359 3071 habet
384 2990 535 3068 Murillo
560 2997 658 3085 (a),
684 2992 834 3069 inundata
851 2996 929 3071 eli.
952 2998 1003 3073 Et
1026 2996 1309 3072 communicatio
1331 2996 1378 3071 de
1408 3016 1497 3093 qua·
1516 2992 1714 3072 Rodericus

204 3093 345 3195 loquitur
373 3116 416 3165 es
439 3090 659 3167 conceffione
683 3090 784 3181 Bauli
808 3096 946 3188 Tetti-i,
971 3102 1006 3173 dt
1028 3094 1230 3171 cardinalis
1252 3092 1436 3192 Burgensrs
1474 3093 1714 3185 testimonio,

205 3197 340 3272 mitur
363 3188 479 3268 solum
505 3194 595 3266 inter
619 3193 882 3270 Dominicanos
906 3202 943 3271 dr
966 3192 1237 3285 franciscanos,
1262 3195 1324 3291 qui
1345 3196 1388 3269 in
1412 3195 1519 3272 Novo
1533 3192 1634 3269 Orbe
1653 3216 1714 3291 pet

203 3294 230 3371 il
249 3318 387 3391 tempus
410 3291 485 3369 fere
509 3314 610 3368 erant
635 3292 724 3386 soli,
749 3316 789 3370 ut
807 3296 932 3370 uidere
956 3295 1005 3369 est
1029 3293 1130 3393 supra
1154 3294 1244 3369 Ord.
1264 3292 1330 3369 68.

287 3398 326 3473 Si
351 3395 497 3494 qrrando
522 3414 644 3471 tamen
669 3397 877 3494 contingat,
903 3396 1082 3494 religiosos
1105 3394 1454 3473 montchaleumitti
1479 3396 1527 3471 ad
1556 3394 1714 3471 eandem

205 3518 272 3572 cun
295 3495 578 3573 mendicantibus
610 3494 755 3572 melium
778 3504 814 3574 dt
849 3524 936 3595 opus
955 3551 967 3590 ,
988 3498 1045 3573 ir'a
1071 3516 1111 3571 ut
1131 3492 1289 3587 ejusdem
1316 3522 1408 3573 curn
1429 3492 1579 3587 subiesto
1608 3520 1713 3571 eom·

206 3601 373 3674 nnnicato
397 3598 578 3695 qualitatis
602 3596 671 3671 smt
697 3599 902 3697 participes,
927 3596 999 3673 stne
1024 3598 1133 3673 dubio
1150 3602 1277 3675 :locustn
1296 3596 1445 3675 habebit
1466 3598 1712 3675 communica·

206 3698 265 3793 tio,-
285 3697 578 3797 quandoquidem
602 3700 892 3775 communicandi
912 3701 1075 3797 gratiam
1099 3701 1138 3774 in
1162 3724 1290 3798 genere
1312 3698 1494 3777 babeant.

542 3848 1137 3979 ountuu'mo
1210 3898 1444 3977 cxxc..

285 4104 445 4183 Eindis
468 4125 656 4205 negaretur
680 4105 777 4181 lacta
812 4107 1053 4196 communio,
1083 4106 1241 4181 decrevit
1271 4102 1405 4179 Paulus
1438 4102 1583 4181 Tertius
1617 4102 1715 4202 apud

309 4206 368 4283 Fr.
397 4205 573 4302 loannem
588 4208 642 4281 -de
667 4205 920 4303 Torqnemada
946 4207 1038 4297 (l).
1071 4206 1313 4283 Nihilominus
1339 4206 1499 4306 negandi
1532 4204 1715 4281 coutinent-

209 4299 346 4385 dototo
370 4305 445 4383 ferd
470 4332 516 4385 eo
554 4306 680 4383 iaculo
704 4306 807 4385 XVI.
832 4307 938 4407 usque
961 4309 1010 4383 ad
1044 4330 1181 4408 ternpus
1204 4308 1360 4383 Concilii
1394 4306 1511 4383 Tertii
1539 4304 1715 4385 Limensn

207 4402 380 4517 ⁰}llitntit,
418 4407 543 4484 saltem
568 4410 607 4485 in
641 4408 815 4484 Penwio.
839 4418 970 4510 hragra
993 4412 1085 4485 mihi
1101 4410 1253 4508 omitto
1273 4416 1294 4499 .(
1315 4408 1434 4507 inquit
1458 4406 1616 4495 Aralla)
1641 4412 1715 4499 (c)

209 4502 265 4581 lisa
285 4510 359 4601 est,
383 4510 470 4609 quid
493 4513 539 4585 du
560 4509 758 4587 -dsserrato
783 4512 963 4609 humusque
997 4534 1099 4587 more
1124 4513 1161 4586 in
1186 4512 1256 4585 hac
1279 4536 1375 4586 nova
1407 4510 1622 4587 occidentali
1656 4534 1713 4583 ne·

209 4603 295 4689 <lehn
313 4608 543 4689 sentiendum
563 4612 633 4706 fit,
669 4612 729 4689 ubi
751 4610 836 4687 {ndi
866 4614 983 4693 adulti
1001 4614 1083 4703 iarn
1110 4614 1282 4713 baptizati
1304 4611 1530 4710 ,iidemque
1565 4626 1711 4787 ρὲοςαω

228 4822 427 4861 ...κι-

235 4940 442 5014 inlumina,
462 4946 514 5005 til·
535 4968 564 5016 9.
583 4952 677 5019 Geogr·
696 4952 762 5019 lust.
805 4950 813 4961 '
939 4956 943 4963 '
1019 4946 1075 5014 (e)
1094 4942 1713 5019 deusta,'lid·3·DePntohd.sai.m'.

242 5015 295 5089 (b)
315 5023 405 5095 Torq·
426 5022 477 5083 lib.
502 5038 547 5085 16.
567 5026 712 5087 Monarch-
733 5026 931 5113 haramo.
976 5027 1004 5078 ⁸·
1021 5022 1131 5095 0¹qu·
1269 5094 1306 5172 v
1622 5042 1627 5052 ¹
