3856 5678
410 370 416 379 -
515 279 1022 399 Arosrottcn.
1074 319 1188 394 1600.
1240 322 1353 419 1650·
1504 334 1647 423 ‘355

553 555 1057 643 ORDINATIO
1107 556 1312 643 CCXXVI.

706 664 818 739 Anno
845 667 958 739 1611.
985 682 1045 736 21.
1070 660 1170 761 Sept.

196 934 199 939 .
264 868 300 945 Τ
335 890 528 945 conventus
563 868 602 943 in
639 866 844 959 America,
877 864 940 967 qui
964 888 1154 943 numennn
1177 864 1306 943 saltem
1328 868 1423 945 'odo
1458 868 1704 969 religiosonm

170 876 262 1057 U
290 973 384 1048 alere
408 996 485 1047 non
510 968 671 1070 poliunt,
705 968 988 1069 supprimantur:
1025 971 1334 1070 committiturque
1358 974 1524 1049 executio
1560 976 1704 1053 illarum

170 1078 328 1181 partium
353 1072 609 1174 Episcopotum
635 1072 806 1149 arbitrio.
839 1071 897 1148 Fit
923 1073 1061 1149 mentio
1088 1074 1126 1147 in
1152 1074 1246 1168 alia,
1273 1099 1468 1175 perquam
1493 1075 1568 1151 huc
1604 1103 1703 1153 revo

170 1196 297 1273 ntur,
322 1177 573 1253 constitutione
598 1176 797 1253 Clementis
821 1175 907 1255 XII.
935 1177 1019 1251 anni
1048 1197 1186 1277 1734,
1211 1178 1255 1253 de
1280 1202 1350 1277 qua
1375 1176 1466 1255 Ord.
1494 1199 1581 1279 531·
1609 1180 1703 1258 Vide

170 1282 288 1365 etiam
314 1280 406 1357 Ord.
431 1278 520 1380 481.
546 1279 643 1379 483..
662 1301 752 1379 540.

485 1482 1066 1564 onorunrro
1160 1480 1383 1565 ocxxvrt.
1486 1601 1490 1607 .

245 1690 355 1767 Aulus
381 1690 425 1764 V.
452 1690 618 1766 conceffrt
643 1687 906 1786 Augustinianis
930 1685 1234 1765 Mexicanensrbus
1261 1687 1353 1787 polle
1378 1666 1551 1767 celebrate
1577 1687 1706 1789 iqua·

270 1796 320 1869 vis
344 1794 433 1866 hora
460 1794 536 1889 post
560 1794 718 1867 mediam
742 1793 909 1866 nollem.
946 1790 1005 1866 Ita
1031 1790 1071 1865 P.
1097 1792 1268 1869 Nicolaus
1291 1792 1424 1869 Duran
1449 1794 1488 1867 in
1521 1790 1578 1866 M.
1605 1793 1642 1869 S.
1669 1795 1707 1866 de

170 1896 377 1993 Privilegiis
401 1896 543 1968 Indicis.
568 1893 609 1969 P.
636 1894 920 1971 Bartholomaeus
944 1892 1060 1968 Tafur
1084 1893 1123 1969 S.
1148 1892 1180 1990 J.
1207 1892 1230 1969 ὲ
1254 1892 1443 1971 Provincia
1477 1893 1641 1972 Peruana
1666 1897 1707 1971 in

170 1996 432 2075 Additionibus
458 1997 504 2071 ad
530 2001 627 2072 Viva
652 2000 746 2072 vocis
769 2000 902 2071 oracula
927 1994 1130 2071 Catdinalis
1156 1996 1200 2071 de
1226 1991 1336 2095 Lugo
1359 1998 1476 2095 inquit
1506 1999 1707 2074 communi·
1850 2038 1862 2047 ·

173 2121 306 2177 catum
330 2095 398 2174 elle
424 2101 476 2175 illi
502 2099 697 2177 Provincia
735 2099 955 2199 privilegium
989 2097 1349 2196 Augustinianorum.
1385 2100 1709 2175 communicatum

170 2226 301 2279 revera
328 2199 396 2278 fuit
424 2222 500 2279 tam
527 2205 580 2277 illi
607 2201 825 2293 Provinciae,
850 2226 959 2299 quam
993 2198 1239 2299 Paraguatiat‚
1276 2219 1316 2274 ut
1342 2200 1480 2277 constat
1517 2226 1561 2278 ex
1585 2227 1709 2277 earum

170 2304 338 2405 regestis:
366 2308 675 2379 communicatum
701 2304 722 2376 a
745 2302 788 2378 P.
799 2301 959 2377 Claudio
980 2303 1163 2400 Aquaviva
1188 2326 1254 2399 pro
1279 2301 1452 2398 potestate
1478 2302 1538 2379 srbi
1564 2305 1709 2381 aSum·

170 2430 245 2483 mo
271 2403 447 2479 Pontifice
470 2403 587 2479 falla.
611 2405 663 2479 At
688 2402 728 2476 P.
752 2402 927 2477 Claudius
950 2403 1012 2476 diu
1039 2424 1122 2479 ante
1146 2421 1310 2477 mortuus
1333 2403 1383 2479 est
1405 2432 1513 2505 quam
1541 2410 1626 2481 vivae
1651 2432 1711 2485 vo·

170 2512 232 2583 cis
257 2508 405 2581 oracula
429 2525 700 2581 revocarentur.
726 2502 835 2582 Unde
860 2505 906 2576 ad
932 2500 1159 2600 posteriorem
1184 2500 1287 2577 usum
1311 2507 1411 2581 nulla
1436 2506 1486 2584 est
1511 2511 1711 2585 communi·

170 2609 307 2699 catio,
336 2605 425 2681 srcut
450 2608 589 2683 nullum
615 2606 665 2683 est
690 2606 946 2703 privilegium,
981 2607 1076 2702 quod
1111 2604 1272 2704 suppono
1295 2630 1371 2683 non
1394 2606 1462 2685 esse
1496 2610 1673 2686 bullatum
1699 2664 1710 2685 .

175 2706 287 2783 Idem
312 2711 442 2783 didlum
468 2709 542 2784 esto
567 2711 611 2783 de
636 2708 820 2809 privilegio
845 2704 950 2781 srmili
975 2706 1211 2785 Benedidinis
1236 2706 1502 2790 Vallisoletanis
1527 2711 1711 2807 concessu,

174 2811 223 2889 de
248 2836 318 2911 quo
343 2811 535 2887 Dicastillo
562 2816 636 2902 (a.)
661 2812 841 2911 loquitur.
866 2809 959 2886 Vide
983 2808 1025 2884 P.
1051 2811 1256 2891 Avendario
1282 2810 1375 2904 (b).

535 3002 1039 3093 ORDINATIO
1110 3010 1362 3093 GCXXVIII.

713 3116 822 3191 Anno
850 3122 960 3213 1614.
990 3121 1050 3190 16.
1073 3114 1194 3191 Maii.

279 3319 315 3397 T
341 3317 531 3418 presbyteri
555 3319 767 3409 societatis,
793 3343 884 3416 quos
904 3315 1114 3415 Praepositus
1138 3319 1329 3398 Generalis
1343 3318 1488 3417 eligeret
1514 3344 1575 3420 per
1598 3318 1635 3399 se
1658 3328 1715 3401 vel

189 3498 192 3503 .
306 3446 367 3519 pet
393 3426 483 3498 alios
510 3423 547 3495 in
573 3420 686 3496 Indiis
710 3421 942 3515 orientalibus
968 3422 1024 3495 vel
1053 3423 1333 3499 occidentalibus
1357 3448 1440 3499 cum
1464 3426 1651 3525 neophytis
1676 3430 1717 3504 in

186 3524 455 3627 quibuscumque
481 3525 555 3616 jure
580 3526 704 3601 divino
723 3549 799 3598 non
820 3524 1006 3622 prohibitis
1023 3520 1340 3625 consanguinitatis
1357 3546 1420 3604 aut
1431 3526 1616 3608 affinitatis
1639 3553 1716 3629 gra·

184 3628 306 3721 dibus,
333 3627 388 3702 vel
416 3628 502 3703 alias
527 3628 720 3716 conjunttts
743 3622 804 3701 seu
827 3624 863 3701 se
899 3628 1164 3723 attinentibus,
1191 3648 1233 3703 ut
1257 3632 1536 3716 matrimonium
1572 3654 1717 3712 contra·

183 3730 475 3821 benevalente,
510 3729 572 3803 ubi
609 3733 773 3805 locorum
808 3728 993 3803 Ordinatii
1018 3726 1125 3803 facile
1159 3732 1250 3829 aditi
1274 3756 1350 3806 non
1375 3731 1533 3828 possent,
1570 3737 1610 3809 in
1634 3733 1717 3815 foto
1792 3749 1799 3761 '

182 3830 411 3909 conscientie
437 3830 607 3929 perpetuis
623 3828 828 3927 'dispensare
864 3828 1031 3924 possent.
1067 3830 1129 3907 Et.
1142 3830 1283 3905 extensa
1310 3828 1379 3905 fuit
1404 3830 1555 3907 facultas
1590 3836 1635 3910 ad
1660 3836 1717 3913 fo-

183 3958 267 4011 rum
293 3934 479 4009 externum
517 3933 622 4005 certis
657 3931 920 4005 conditionibus
945 3932 1133 4020 ¹valitura,
1158 3929 1218 4003 sed
1244 3930 1291 4003 ad
1316 3932 1443 4027 viginti
1482 3957 1615 4008 annos.
1639 3938 1718 4015 Nec

181 4060 261 4115 non
287 4057 330 4117 ut
351 4034 641 4111 denuntiationes
666 4026 817 4129 aliasque
841 4026 1056 4133 extrinsecas
1078 4029 1320 4105 solemnitates
1344 4033 1516 4110 omittere
1540 4031 1678 4133 possent
1702 4093 1716 4133 ,

182 4162 273 4219 etim
299 4138 509 4231 expediret,
536 4128 743 4234 prolemque
775 4133 974 4232 legitimam
998 4130 1201 4209 declarate.
1226 4131 1371 4232 Insuper
1393 4132 1632 4236 quoscumque
1664 4158 1719 4219 et·

180 4236 579 4321 iamextraecclefias
603 4235 738 4315 &fine
763 4236 975 4313 ceremoniis
1006 4230 1180 4312 consuetis
1206 4235 1383 4335 baptizate
1419 4238 1468 4316 ad
1501 4240 1719 4341 viginti'an·

183 4366 277 4421 noS.
306 4340 559 4418 Admoneotur
584 4362 709 4418 tamen
725 4364 780 4413 -ne
815 4336 871 4413 his
894 4334 1128 4435 facultatibus
1159 4356 1331 4435 utantur,
1366 4340 1433 4417 nist
1469 4341 1528 4419 ubi
1552 4348 1720 4444 expedire

183 4446 412 4539 judicarent.
449 4440 715 4543 Mandatutque
752 4461 792 4517 ut
826 4439 1026 4537 neophytos
1049 4440 1237 4539 diligenter
1263 4444 1505 4535 admoneant,
1541 4451 1640 4543 quod
1675 4450 1721 4529 ab

185 4546 264 4626 istis
287 4545 528 4625 matrimoniis
553 4546 771 4624 abstineant.
791 4544 907 4622 Etdat
933 4544 973 4618 ln
995 4541 1223 4641 Compendio
1248 4542 1377 4621 lndito
1401 4544 1488 4645 anni
1515 4556 1626 4645 1615.

1582 4748 1674 4871 01³.-

232 5016 290 5089 (a)
308 5020 375 5081 Dic·
394 5036 433 5085 tt·
454 5042 481 5091 ς.
499 5024 538 5087 u.
561 5046 587 5093 e·
607 5026 652 5095 De
668 5022 773 5099 sacrifi
791 4972 924 5099 liuba:
936 5042 1014 5089 m.
1031 5034 1084 5093 65.
1132 5019 1194 5095 (b)
1218 5016 1341 5101 avene.
1361 5020 1411 5082 tit·
1432 5038 1480 5078 aa.
1499 5016 1644 5127 Theseae.
1662 5036 1728 5093 cap.

197 5102 386 5168 ronne.

1086 5240 1097 5271 ,
1231 5172 1293 5253 Tt
1346 5197 1370 5259 2
