3864 5686
263 334 342 411 594
696 305 1287 405 onninamente
1372 360 1379 383 r

257 458 341 544 (ll)
365 446 636 540 Confirmationis
665 447 952 543 sacramentum.
988 448 1123 527 Ferunt
1159 447 1373 548 Episcopum
1406 449 1555 525 illanun
1591 444 1757 548 partium

202 559 398 658 quemdam
436 550 578 626 adversa
615 553 821 628 valetudine
858 548 1069 649 impeditum
1096 548 1333 652 polluisset
1366 549 1560 629 Clemente
1582 550 1675 629 ΧΠ,
1698 548 1755 629 fit·

203 663 381 757 cultatem
401 674 445 730 ut
468 655 596 754 aliquis
629 656 676 732 de
712 656 967 753 ‘capitularibus
991 681 1060 754 pio
1095 656 1132 733 se·
1164 654 1429 733 sacramentum
1461 651 1755 732 consumationis

203 756 490 851 administraret,
513 764 558 837 dt.
576 754 677 833 iuilse
700 758 847 835 tantum
868 783 914 834 ea
939 760 1021 856 lege
1041 757 1271 851 concessant,
1284 755 1321 835 si
1335 757 1547 859 eapinrlaris
1562 757 1753 832 consecra·

203 887 304 941 retur
323 861 509 964 episcopus
532 862 709 950 titulans·
732 861 862 939 Simile
885 863 973 960 quid
996 859 1089 938 olim
1113 863 1307 940 decretum.
1324 861 1398 939 elle
1419 858 1558 954 fertur,
1583 883 1633 934 ne
1658 856 1750 935 iniu-

203 965 298 1043 lanis
319 968 367 1042 dc
399 963 548 1055 Chiloe¹
570 962 701 1041 deeliet
736 965 839 1054 liujus
863 964 1090 1053 itaerainenti
1125 964 1315 1055 ministram
1350 964 1521 1062 eoquod
1556 961 1751 1065 Episcopus

204 1066 462 1168 Conceptionis
497 1069 581 1142 raro
607 1070 664 1144 vel
697 1091 895 1165 numquam
927 1069 980 1157 ‚ad
1000 1091 1085 1141 oris
1118 1065 1330 1145 Cliiloenses
1356 1067 1534 1165 applicet.
1571 1061 1665 1140 Haec
1690 1090 1750 1142 au·

206 1189 282 1248 reni
306 1173 392 1247 ideo.
409 1168 507 1246 taur
531 1191 595 1245 aut
618 1172 763 1244 decreta
800 1167 899 1261 sirit,
934 1193 1011 1253 noti
1042 1171 1141 1267 quod
1175 1169 1347 1247 Summus
1383 1164 1555 1245 Pontifex
1593 1186 1748 1267 nequctt

207 1272 357 1373 simplici
381 1272 588 1370 presbytero
626 1277 735 1349 talem
770 1271 934 1368 delegare
968 1268 1207 1364 facultatem,
1244 1290 1287 1348 ut
1308 1271 1458 1369 quidam
1489 1267 1671 1347 Praelatus
1705 1292 1748 1347 ex

204 1374 430 1451 concellione
454 1399 575 1449 recens
598 1373 825 1449 missionariis
849 1372 942 1448 falla
964 1370 1084 1470 gratis
1121 1374 1328 1450 scandalum
1357 1371 1470 1474 pallus
1500 1369 1746 1465 causabatur;

203 1478 265 1555 led
288 1503 336 1555 ne
356 1501 439 1554 mos
462 1478 666 1574 vulgaretur
692 1478 729 1550 iii
753 1475 841 1552 locis
863 1476 922 1550 ubi
947 1499 1024 1557 iton
1045 1495 1127 1551 erat
1147 1477 1330 1553 induaris.
1356 1476 1453 1552 Nam
1478 1475 1521 1549 de
1548 1475 1743 1551 conceden-

203 1581 244 1657 di
269 1577 444 1681 potestate
468 1578 699 1655 temerarium
724 1576 767 1654 stt
793 1579 851 1654 vel
873 1577 1037 1654 dubitare
1060 1577 1137 1676 post
1156 1601 1212 1656 tot
1228 1581 1420 1679 exempla,
1443 1574 1636 1677 prudentis
1661 1598 1741 1653 con

203 1680 400 1761 stitutionis
426 1688 461 1759 dt
487 1684 645 1756 aliarum.
661 1678 782 1757 inille.

305 1784 516 1862 Beneditlus
539 1781 639 1860 XIV.
667 1789 740 1874 (a)
766 1783 850 1861 aitr
887 1776 1029 1857 usinime
1064 1801 1132 1858 not
1166 1780 1292 1875 latet,
1321 1774 1596 1858 administrandi
1638 1773 1742 1859 sacra·

203 1887 321 1966 menti
344 1887 629 1964 confirmationis
655 1884 862 1984 potestatem
885 1907 933 1960 eir
959 1886 1099 1967 indulto
1136 1883 1334 1983 apostolico.
1355 1887 1418 1960 ad‘
1437 1884 1664 1960 sacerdotem
1689 1884 1739 1959 vel

97 2060 99 2064 .
193 1988 464 2068 aniffionarium
487 1990 700 2090 quandoque
721 1987 850 2064 deferri
875 1984 989 2084 posset
1016 1985 1229 2076 Huiusmodi
1254 2011 1321 2063 iiec
1344 2009 1438 2064 nova
1463 2010 1534 2062 nec
1559 1980 1741 2063 inufitata

203 2095 316 2169 videri
342 2090 469 2186 debet,
492 2119 579 2167 cum
600 2092 640 2166 S.
668 2092 834 2187 Gregorii
861 2087 1012 2186 Magni,
1040 2090 1262 2191 aliorumque
1298 2085 1518 2165 Pontificum
1552 2088 1742 2166 Romano·

204 2218 288 2270 rum
310 2193 481 2295 'exemplis
505 2193 723 2269 sandiiliimit
744 2194 950 2267 innitatur.
985 2185 1032 2266 Et
1057 2186 1265 2267 Beneuiuus
1289 2190 1359 2290 ipse
1395 2212 1521 2290 prater
1557 2190 1627 2268 alia
1652 2211 1738 2267 con·

201 2295 302 2373 cestu
327 2318 410 2373 earn
433 2294 647 2372 facultatem
672 2292 887 2373 Guatdiano
906 2291 948 2366 S.
970 2291 1130 2390 Sepulcri
1157 2293 1230 2384 (b)
1254 2315 1294 2388 9.
1318 2288 1399 2391 Jan.
1434 2310 1567 2390 i74i.,
1596 2282 1739 2368 ¹Abbati

203 2394 415 2477 Monalietii
436 2396 732 2496 Campidunensis
767 2420 864 2471 anno
895 2413 1027 2491 1749„
1046 2400 1102 2474 'dl
1135 2394 1296 2495 prafedlo
1327 2395 1508 2473 militonis.
1535 2395 1741 2496 coptum

200 2525 304 2581 anno
331 2521 442 2603 1750.
471 2498 679 2579 VideOrd.
703 2520 791 2599 599.
815 2495 1102 2595 &superorat
1128 2519 1192 2596 37.
1226 2503 1268 2577 dt
1294 2496 1378 2591 168.

569 2695 1158 2783 orturuiirto
1241 2644 1426 2780 niter.-

744 2804 858 2882 Anno
887 2826 997 2904 1747.
1026 2827 1084 2904 14·
1106 2805 1205 2904 Sept.

204 3006 435 3188 EXpofito
457 3030 522 3111 per
551 3001 749 3111 Josepiium-
776 3004 822 3087 de
851 3000 950 3089 Lara
986 3022 1257 3106 procuratorem
1294 3003 1504 3090 Asfislentiae
1537 3004 1737 3114 Hispaniae

304 3114 344 3190 S.
364 3112 426 3211 J„
447 3115 548 3212 quud
574 3113 754 3213 Philippus
781 3115 827 3189 V.
854 3114 1037 3189 licentiam
1064 3114 1252 3208 conceffir,
1280 3135 1319 3189 ut
1346 3115 1555 3194 incivitate
1587 3120 1634 3193 S.
1664 3116 1738 3192 Do·

200 3213 326 3292 minici
353 3211 392 3292 iii
419 3216 628 3314 Hispaniola
652 3223 846 3315 erigeretur
868 3216 1060 3293 Societatis
1085 3218 1300 3315 collegium,
1323 3219 1383 3293 cui
1410 3218 1570 3296 redditus
1609 3225 1649 3298 δι
1677 3221 1736 3292 do

199 3335 282 3395 nius
312 3321 576 3418 applicarentur
600 3318 647 3396 ad
674 3320 770 3394 allud
802 3320 996 3418 collegium
1031 3322 1072 3395 dt
1094 3314 1362 3396 univerfitatem
1400 3317 1510 3398 instar
1545 3320 1735 3397 Salmanti-

198 3420 313 3498 censis
333 3421 425 3497 olim
447 3425 603 3498 acuam
623 3418 842 3517 spectantes,
863 3447 952 3499 cum
972 3417 1199 3518 obligatione
1223 3420 1272 3496 ad
1292 3446 1408 3497 onera
1445 3424 1546 3513 juxta
1580 3426 1732 3499 redditus

201 3525 417 3622 applicatur,
438 3525 615 3619 quoniam
639 3524 714 3620 spes
738 3544 815 3598 tion
835 3544 916 3599 etat
939 3544 983 3600 ut
1009 3523 1046 3596 iti
1081 3519 1237 3599 secundo
1263 3520 1356 3598 diuo
1389 3525 1551 3623 collegio
1576 3524 1733 3601 succede·

202 3646 257 3700 tet
283 3638 407 3721 aptata
430 3621 620 3698 fundatio:
648 3622 816 3719 Exposita
849 3629 966 3701 etiam
990 3626 1077 3716 lite,
1112 3623 1172 3702 seu
1204 3626 1323 3724 potius
1344 3627 1549 3724 quaestionis
1585 3624 1732 3704 'materia

202 3727 241 3802 iti
267 3728 363 3823 regia
385 3720 425 3800 S.
453 3719 642 3801 Dominici
669 3725 866 3801 Audientia
893 3729 986 3803 inter
1009 3725 1162 3825 Collegii
1175 3728 1367 3810 Redorem
1394 3735 1429 3806 dt
1451 3725 1621 3806 Priorem
1643 3729 1733 3805 Con·

195 3846 325 3905 ventus
345 3822 497 3902 Ordinis
522 3825 798 3905 Praedicatorum
823 3826 1021 3905 introdudia
1045 3827 1148 3929 super
1170 3827 1344 3927 privativa
1371 3829 1581 3908 conferendi
1608 3834 1730 3932 gradus

195 3926 394 4008 facultate.
417 3922 545 4026 Qum
568 3953 610 4007 ut
631 3930 817 4006 dirimeret
843 3927 1085 4007 Perdinandtts
1109 3933 1217 4023 Rex,
1254 3929 1447 4009 Societatit
1467 3930 1675 4035 collegium
1698 3934 1731 4008 in

190 4032 463 4111 universitatem
488 4035 600 4109 erexit
625 4052 708 4109 cum
736 4034 852 4130 ptimo
877 4029 1005 4109 intenti
1031 4036 1220 4132 privilegiis
1246 4039 1284 4111 dt
1304 4036 1504 4131 oneribus,
1539 4040 1732 4114 decernern

193 4154 237 4211 ut
258 4142 392 4237 gradus
416 4129 455 4208 in
476 4158 526 4211 eo
547 4131 695 4232 suscepti
719 4157 847 4211 eorum
875 4138 1112 4234 prerogativis
1137 4138 1366 4234 gauderent,
1395 4138 1459 4238 qui
1491 4141 1529 4215 in
1565 4160 1731 4240 quacum·

192 4258 264 4336 que
287 4235 517 4312 universitate
541 4235 808 4333 suscipiuntur.
845 4233 979 4335 Quoad
1003 4235 1232 4315 Contentum
1255 4243 1472 4318 eredlionem
1493 4238 1616 4319 'etiarn
1654 4241 1731 4320 Uni

196 4336 371 4416 versitatis
397 4337 590 4431 concerni,
615 4341 670 4414 ita
693 4359 736 4414 ut
761 4363 832 4415 una
858 4347 894 4417 dt
919 4344 1029 4416 altera
1054 4342 1185 4440 gradus
1206 4340 1373 4445 conferte
1399 4340 1509 4443 pollet
1550 4349 1597 4420 ad
1631 4343 1730 4422 instat

190 4461 341 4535 earum,
364 4440 489 4540 quibus
517 4462 592 4518 tam
617 4440 720 4517 Ordo
743 4438 1023 4520 praedicatorum
1047 4466 1156 4542 quam
1182 4444 1347 4523 Societa's
1367 4448 1505 4544 gaudet
1531 4446 1570 4522 in
1610 4449 1730 4523 civita·

195 4564 231 4620 te
257 4543 426 4650 Mutila,
445 4541 691 4637 Sanstaefidei,
717 4550 752 4623 dt
776 4540 897 4641 Quiri»
929 4566 964 4620 :a
1002 4545 1069 4623 His
1091 4548 1236 4643 inquam
1258 4540 1445 4648 expositis,
1474 4547 1646 4627 Pontifex
1672 4550 1731 4626 So

190 4649 330 4745 rietatis
351 4652 546 4747 collegium
569 4646 610 4724 in
636 4646 925 4740 universitatem,
953 4650 990 4723 in
1014 4672 1084 4746 qua
1107 4648 1303 4726 -Sucie'tatis
1330 4654 1467 4728 alumni
1495 4658 1533 4730 dt
1558 4648 1729 4752 profuso

189 4765 249 4826 tes
272 4741 588 4845 Grammaticam
608 4752 872 4844 Rhetoricam,
897 4749 1100 4850 logicam,
1125 4750 1597 4855 Phylicam,Tlteologiain
1618 4751 1729 4833 Scho-

1387 4886 1390 4893 ·
1585 4856 1686 4936 lasti-

187 4916 1734 5023 ...ΜΝ-Ἣ,

226 5089 288 5165 (ι)
305 5088 392 5158 Tou·
412 5102 460 5156 16·
479 5094 588 5160 Μαι.
608 5090 745 5160 memb.
760 5096 800 5157 Ὀ.
819 5102 888 5166 ¹⁸9·
927 5094 986 5168 (b)
1008 5094 1084 5158 Ilia.
1101 5096 1137 5157 'C-
1162 5108 1208 5155 ιο.
