3864 5686
455 288 460 298 ⁸
546 316 1056 399 Arosaocrcn.
1110 337 1225 416 1450,
1273 333 1390 417 ιςοσ,
1628 327 1689 418 67

298 460 398 552 (vr)
418 455 550 559 Illisqaa
572 459 737 535 mundar.
775 460 916 559 Regem
947 457 1183 538 Catholicmn
1218 485 1280 560 per
1315 460 1389 534 haec
1424 455 1529 535 verba
1563 456 1736 536 constitui

190 553 303 661 Papa
331 563 373 638 le
396 583 497 639 atum
530 562 567 639 in
602 562 837 662 spiritualibus
860 564 1006 655 etiam,
1044 560 1186 640 censent
1212 561 1415 639 Ludovicus
1447 558 1647 656 Miranda‚
1672 560 1738 637 Fr,

191 662 354 761 Joannes
411 663 559 762 aptista,
583 664 741 757 Freiras,
779 665 1003 764 Rodriguez,
1036 665 1243 769 Veneror,
1276 664 1449 757 Focher,
1483 667 1519 740 dr
1552 663 1613 737 alii
1639 662 1739 762 apud,

192 763 321 841 Fratre
347 770 444 857 (a).
471 767 526 843 Ι).
549 764 684 842 Garcia
716 764 824 842 Perea
850 768 893 842 de
927 766 1068 841 Araciel
1106 767 1147 841 in
1179 767 1373 841 Memoriali
1398 763 1496 862 saper
1532 766 1733 842 vacantibus

193 868 373 941 indiarum
396 870 608 966 qualitatem
632 867 765 968 Legati
790 865 920 944 fundat
944 894 1019 943 non
1047 885 1190 943 rantum
1216 871 1255 942 in
1275 866 1385 942 Bullia
1411 863 1648 958 Pontificum,
1673 866 1733 942 sed

191 970 236 1046 in
261 967 539 1064 consuetudine,
564 972 651 1048 dum
678 970 748 1048 air:
776 976 821 1046 V.
841 975 896 1046 M.
922 970 1138 1058 roafiderarur
1176 971 1215 1045 in
1239 968 1373 1061 Indiis,
1411 992 1487 1044 non
1523 986 1667 1043 tantum
1691 987 1735 1046 ur

190 1082 399 1168 patronus,
435 1069 496 1179 sed
528 1074 642 1151 etiam
674 1093 717 1149 ut
751 1073 930 1172 delegatus
964 1070 1176 1169 Apostolicae
1211 1069 1342 1163 sedis,
1368 1069 1424 1145 cui
1449 1069 1531 1144 Suae
1556 1068 1734 1148 Sanslita·

191 1171 242 1248 ris
269 1174 307 1247 in
329 1173 495 1250 omnibus
518 1173 631 1252 caufit
662 1173 928 1266 ecclesiasticis,
966 1194 1044 1251 tum
1068 1173 1202 1264 bullis,
1238 1192 1320 1249 tum
1341 1170 1596 1248 consuetudine
1631 1196 1733 1249 com·

194 1270 307 1353 mirra
332 1273 414 1352 sunt
439 1278 551 1355 vicar.
579 1277 690 1376 quue
715 1278 840 1376 probat
865 1300 908 1352 ex
932 1300 978 1351 eo
1002 1275 1100 1373 quod
1125 1272 1162 1348 R
1187 1271 1270 1349 Pius
1290 1275 1336 1348 V.
1364 1273 1410 1348 ad
1435 1273 1573 1372 Regem
1592 1272 1731 1350 Catho-

194 1375 308 1451 lictum
331 1373 526 1476 scripserit,
561 1399 602 1454 ut
639 1378 854 1476 protegibus
880 1376 1025 1455 Tuledo
1049 1382 1086 1455 ὅ(
1109 1375 1310 1474 Hemiquez
1344 1373 1506 1474 quaedam
1536 1375 1738 1473 iniungeret·

195 1477 443 1656 aevangelii
469 1481 759 1583 predicationem
782 1479 995 1579 spelbantia:
1021 1478 1119 1577 quod
1141 1502 1221 1553 non
1243 1475 1431 1570 scriberet,
1461 1473 1531 1554 nisi
1552 1477 1632 1556 Rex
1666 1477 1735 1557 ha-

279 1599 338 1656 tur
385 1606 427 1656 ro
529 1603 618 1660 ato.

204 1708 210 1745 2
298 1607 415 1759 Etpl’.
442 1579 646 1761 dsegndafio
672 1683 880 1762 scandalrnn'
905 1682 977 1760 stne
1013 1682 1124 1786 causa
1145 1709 1191 1762 eo
1215 1682 1385 1782 Delegari
1412 1700 1474 1760 aur
1509 1682 1640 1783 Legati
1666 1707 1736 1760 no

197 1780 294 1860 mine
320 1781 479 1884 Principi
503 1786 605 1862 la'ico
631 1787 806 1864 attributo
831 1787 904 1878 (b)
936 1786 986 1863 est
1012 1784 1149 1885 pallus,
1184 1783 1283 1882 Qrid
1307 1785 1391 1861 verb
1418 1792 1453 1865 br
1486 1807 1663 1882 quantum
1685 1809 1732 1863 ex

198 1887 425 1984 delegatione
460 1889 521 1964 illa
556 1889 650 1989 Regi
674 1886 873 1965 Catholico
906 1890 1096 1966 conveniat
1121 1889 1166 1964 d'e
1191 1885 1364 1986 potestate
1390 1889 1428 1962 in
1461 1885 1738 1965 ecclesiasticam

199 2009 300 2079 rem,
326 2012 372 2063 ex
398 1985 475 2064 aliis
501 1989 806 2067 constitutionibtu
831 1997 920 2070 &ex
943 1993 1105 2088 legitima
1131 1987 1384 2066 confitemdine
1408 1985 1648 2066 definiendum
1658 1988 1736 2067 esta

197 2089 357 2166 maxime
381 2114 465 2166 cum
489 2090 643 2189 Legati,
668 2096 727 2192 qui
754 2118 830 2169 non
854 2113 1026 2169 emanant
1048 2147 1064 2187 ,
1087 2092 1147 2168 sed
1171 2090 1433 2197 constituuntur
1471 2088 1692 2167 aronrifice
1717 2143 1738 2183 „

198 2189 365 2271 definitas
389 2216 464 2268 non
479 2194 644 2272 habeant
671 2197 691 2270 a
716 2195 790 2285 jure
816 2192 1003 2271 facultates
1024 2248 1042 2287 ,2
1062 2214 1103 2271 ut
1130 2194 1240 2271 tradit
1265 2192 1421 2273 Barbosa
1447 2196 1535 2284 (c).
1561 2190 1656 2269 Illud
1682 2193 1738 2270 vi·

199 2295 301 2372 detur
325 2315 492 2390 cerum,
513 2320 557 2373 ec
582 2321 629 2373 eo
653 2299 749 2396 quod
773 2297 809 2373 R
835 2294 919 2372 Pius
944 2296 994 2371 V.
1017 2299 1064 2372 ad
1087 2297 1232 2394 Regem
1251 2293 1487 2371 Catholicum
1520 2293 1736 2394 scripserit,

199 2418 237 2472 ut
262 2398 427 2496 quaedam
451 2400 585 2475 adera
635 2400 696 2474 elii
720 2399 1010 2497 pradicationem
1045 2396 1236 2493 spellantia
1273 2395 1479 2472 admonitos
1512 2396 1620 2473 vellet
1652 2419 1731 2495 pro

200 2518 328 2677 m
346 2499 537 2678 aar
557 2503 600 2676 r
790 2501 952 2677 rr
1400 2493 1740 2674 {romu

250 2654 253 2659 ·
370 2627 411 2677 m
531 2627 713 2678 orcuma
828 2628 867 2681 ro
929 2626 977 2676 .-ι
1038 2627 1060 2677 a
1165 2653 1178 2674 .
1279 2652 1287 2670 .
1730 2624 1736 2647 ²

201 2625 426 2800 Pormggalliae
450 2703 590 2804 Regem
615 2703 711 2780 Ord·
737 2727 825 2802 115,
847 2701 1020 2801 scriptum
1042 2704 1177 2800 pariter.
1198 2698 1249 2774 est
1274 2653 1321 2772 ad
1346 2722 1524 2797 pro-reges
1558 2697 1738 2779 Gonnum

198 2808 237 2883 R
255 2801 514 2899 Mexicanum,
533 2807 586 2881 ad
599 2806 922 2904 Archtepiscoptm
939 2803 1039 2885 &ad
1057 2801 1214 2900 Regium
1231 2796 1433 2877 Consilium
1458 2800 1519 2875 seu
1528 2798 1731 2894 Senatum,

200 2924 238 2980 ut
262 2904 385 2983 ridere
409 2910 480 2983 erle
503 2905 605 2982 Ord..
622 2908 703 3004 ιη.
720 2912 762 2985 dc
779 2904 877 3006 seq,
910 2906 998 3003 quin
1021 2924 1067 2977 ex
1090 2926 1136 2978 eo
1160 2900 1292 2978 curuis
1316 2898 1360 2976 stt
1387 2900 1573 2977 tribuenda
1597 2898 1732 3002 Legati

277 3007 377 3083 itae.
399 3005 515 3102 Quod
535 3032 621 3084 aero
645 3017 690 3083 'ex
713 3008 788 3098 iura
812 3007 942 3105 scripto
965 3027 1056 3080 non·
1076 3001 1260 3096 habetur,
1285 3000 1409 3080 haberi
1433 3001 1548 3105 potest
1579 3027 1624 3081 ert
1647 3027 1732 3083 con

252 3109 409 3198 tudine,
433 3131 512 3205 quac
535 3104 747 3183 consulenda
772 3101 847 3184 est,

196 3203 1735 3409 nu

847 3361 865 3401 Y

197 3413 399 3492 Patronum
423 3408 543 3487 Frallo
569 3410 798 3510 (11.1ἀῳιε
822 3406 949 3503 latret,
969 3432 1050 3486 non
1063 3428 1220 3487 'tantum
1242 3407 1416 3508 Hispania
1441 3410 1495 3487 eb·
1524 3411 1732 3488 convenien-

198 3517 292 3595 tibus
317 3513 446 3614 absque
468 3514 579 3611 Regis
602 3511 785 3590 Catholici
810 3512 975 3606 licentia,
1001 3511 1171 3612 quidquid
1193 3511 1292 3587 dicar
1315 3510 1528 3590 Solomanua
1554 3518 1648 3607 (e),
1668 3510 1736 3589 sed

195 3618 443 3716 crrjuscumque
466 3614 623 3692 nationis
647 3614 737 3708 smt;
762 3615 823 3692 diu
846 3616 947 3692 enim
968 3611 1018 3691 est
1045 3615 1066 3689 1
1089 3639 1165 3716 quo
1185 3637 1296 3690 nemo
1319 3611 1354 3690 st
1379 3634 1482 3714 put-at
1506 3615 1583 3704 bac·
1611 3614 1732 3692 censu·

193 3746 241 3799 ra
261 3723 446 3819 ligatum,
463 3743 574 3795 nemo
598 3720 658 3818 qui
683 3717 817 3817 ligatos
838 3715 979 3795 censeat·
1003 3717 1183 3817 aduenas,
1206 3737 1268 3817 aut
1294 3715 1332 3792 id
1347 3741 1466 3815 genus
1491 3740 1635 3814 poenam
1655 3720 1730 3795 exi·

197 3844 286 3920 gat,
306 3819 381 3897 Pro
405 3818 647 3897 ecclesrasticis
668 3816 820 3895 censuris
854 3821 926 3894 alia
952 3818 1075 3894 media
1108 3819 1317 3916 navigantes
1339 3817 1481 3894 arcendi
1505 3817 1529 3892 a
1563 3820 1739 3921 poturbus·

199 3923 387 4000 Indiarum
416 3922 579 3999 adhibere
605 3922 718 3997 coarli
743 3917 823 3996 sunt
848 3920 987 4014 Reges,
1012 3921 1153 3995 utinam
1178 3915 1419 3992 efficaciora.
1593 3924 1604 3935 “

301 4024 350 4101 Er
376 4025 420 4099 de
443 4024 561 4100 Gallis
585 4025 730 4122 quidem
754 4018 819 4095 sub
839 4018 981 4096 Carolo·
1000 4019 1047 4092 V.
1073 4016 1330 4113 Imperatore,
1355 4040 1434 4113 quo·
1453 4032 1620 4113 tempore·
1646 4017 1671 4091 1·
1692 4041 1732 4094 re

200 4123 352 4223 hispana
374 4128 488 4227 magis
512 4144 616 4200 erant
652 4124 828 4204 alienati,
863 4123 901 4197 in
926 4114 1231 4196 cameracenssutu
1248 4115 1400 4193 induciis
1434 4136 1651 4194 conventum
1683 4116 1733 4195 est

203 4250 307 4300 anno
330 4235 536 4326 1556211⁶
561 4224 686 4324 absque
712 4220 885 4302 consensu
916 4221 1149 4322 Imperatoria
1171 4237 1237 4297 aut
1269 4218 1377 4317 Regis
1399 4219 1472 4309 ejus
1495 4215 1564 4296 filii
1596 4219 1733 4319 pollent

202 4328 253 4403 ad
280 4327 402 4405 Indiae
420 4330 589 4430 navigare
613 4330 791 4402 mercium
813 4323 1153 4402 commutandarum
1178 4317 1303 4413 causa,
1330 4323 1389 4397 vel
1412 4319 1599 4399 indiarum
1624 4343 1739 4402 terras>

196 4432 311 4508 annia
335 4432 540 4533 conquirere
564 4435 601 4507 bc
624 4452 820 4529 occupare.
846 4426 904 4505 Ita
929 4423 1085 4503 reserum
1108 4423 1242 4501 Freitas
1263 4427 1306 4502 dt
1325 4421 1527 4519 sandoval,
1551 4448 1641 4525 quor
1668 4424 1734 4500 Pe·

201 4553 283 4610 mu
298 4531 480 4633 Bergeron
505 4531 599 4632 apud
622 4530 875 4609 Trevulriauos
899 4527 971 4624 (f)
996 4524 1161 4620 accusat,
1186 4525 1282 4625 quod
1307 4523 1440 4603 fallam
1463 4528 1738 4625 conventionem

202 4659 318 4734 graeca
338 4634 410 4715 fide
433 4638 644 4730 retulerint,
666 4661 736 4736 qua
761 4631 879 4712 solum
901 4630 1052 4711 habetur
1076 4653 1122 4713 ne
1146 4629 1269 4719 Gallir·
1287 4623 1332 4705 fit
1365 4627 1518 4709 liberum
1541 4628 1592 4707 ad·
1613 4626 1739 4709 India·
1844 4693 1859 4709 .

1320 4806 1323 4811 .
1544 4806 1550 4819 ,
1604 4757 1688 4809 rum

395 4927 792 5002 c‚.Dt.M.·1rrrl..Rarrar·
811 4946 875 4997 cap.
897 4948 942 4995 ις.
1027 4924 1083 4999 (d)
1102 4925 1214 4999 Fraffo,
1232 4924 1277 4983 Dr
1295 4923 1436 4995 repar.
1454 4923 1537 4981 Para·
1556 4928 1675 4978 σάω.
1688 4920 1737 4984 ⁸5·
1769 4894 1795 4911 “

210 4972 218 4981 -
241 4926 299 5154 sb}
314 4933 388 5146 {aar
429 5010 580 5068 massar.
599 5009 633 5066 P.
654 5007 737 5079 11111.Ι
749 5026 826 5071 nuru
849 5029 914 5077 ⁴54·
1026 5003 1079 5074 (e)
1098 4992 1742 5065 surrr.rrm.1·.oe'rrr.t3al.r.m.aaran,

247 5082 279 5151 1ε
360 5085 402 5148 rs·
474 5107 531 5144 ιι·
549 5085 943 5158 7ν·.11π1·ωιιι..ηκ.η.
1027 5075 1620 5157 (tuenderrrvarrtwrrara.

1325 5150 1348 5229 1
1398 5176 1432 5229 ι..
