3864 5686
572 294 857 423 Arosro
879 356 906 429 ι.
928 360 997 429 rc
1021 362 1081 431 n·
1137 360 1247 441 ιςιο.
1299 350 1409 444 1563.
1638 368 1713 446 ιιι

224 480 349 577 ὼε,
373 482 616 569 mutuatorie
634 480 844 571 dudilonis
866 484 914 571 ob
938 482 1086 583 aliquod
1108 482 1271 567 santium
1304 506 1395 593 opus
1430 483 1591 567 carnibus
1616 488 1708 575 vesci
1732 490 1756 569 l

223 584 313 665 Sede
338 582 547 681 Apostolica
571 584 699 661 datum
722 584 795 680 ell3
821 587 897 663 haec
921 586 1019 663 enim
1043 583 1124 663 sunt
1149 588 1322 684 privilegii
1348 584 1478 673 verba,
1503 586 1574 667 Sed
1609 588 1658 667 ob
1694 592 1760 675 ali-

223 687 319 786 quod
342 683 502 773 sanlbtm
519 708 634 787 opus,
659 711 788 787 nempe
803 688 967 773 :bellandi
993 712 1058 785 pro
1082 689 1276 787 religione,
1304 710 1367 767 aut
1389 686 1547 788 sumptus
1571 689 1655 771 belli
1679 691 1754 793 sup

224 788 436 887 mditandi,
454 786 661 871 conoessum
683 789 733 871 eil
747 790 835 871 ,aliis
857 814 966 873 carne
990 788 1105 883 vesti,
1138 808 1180 875 ut
1204 808 1305 889 patet
1329 814 1374 869 ex
1397 790 1453 865 his
1478 794 1646 873 cruciata
1684 814 1759 871 ver·-

224 889 296 969 bis:
321 888 463 969 comete
488 890 639 975 storias
662 893 715 969 las
740 890 1019 993 persomspue
1045 890 1306 977 tormentit·
1331 892 1428 971 bulla
1455 918 1531 1003 que,
1548 896 1689 992 puedan
1712 894 1760 979 de

223 988 368 1085 mnseio
390 992 436 1071 de
462 992 596 1079 ¹ambos
613 995 772 1073 medicos
795 994 1009 1097 espiritualy
1033 997 1332 1093 corporaltomer
1356 994 1466 1075 carus
1488 995 1754 1095 enquaresma,

222 1108 370 1190 potrus
394 1095 544 1193 tiempos
568 1096 614 1173 de
640 1099 786 1191 altinus,
802 1098 935 1193 palas
954 1096 1139 1196 pnbilidos
1163 1152 1173 1173 .
1198 1094 1248 1175 Et
1271 1096 1447 1195 superius:
1466 1126 1490 1187 y
1514 1099 1563 1171 los
1582 1096 1755 1193 foliadus,

221 1220 294 1293 que
312 1218 365 1273 en
390 1194 614 1295 eslagosrra
639 1196 857 1293 elluvieren„
879 1199 915 1279 se
939 1202 1082 1279 declara
1105 1224 1157 1277 no
1179 1196 1271 1277 ellat
1296 1198 1463 1297 obligatio
1488 1198 1510 1273 l
1534 1200 1589 1279 los
1616 1200 1753 1295 ajunos,

222 1321 288 1398 que
313 1322 381 1399 por
404 1316 493 1373 voto
517 1298 542 1373 b
565 1326 632 1397 por
656 1323 821 1399 precepto
840 1302 893 1383 de·
912 1303 949 1377 la
974 1299 1099 1399 Iglesra
1121 1302 1163 1377 lo
1184 1299 1403 1393 ostiolum,
1423 1326 1476 1379 no
1498 1298 1645 1383 eilardo
1668 1304 1756 1383 ense

219 1424 365 1579 gam}-
389 1395 525 1497 Quidni
543 1402 659 1497 ¹igitur
682 1408 721 1481 dt
745 1400 845 1479 Indis
864 1412 912 1481 'ex
938 1401 1104 1503 prasente
1126 1404 1310 1503 priuilegio
1345 1402 1384 1479 id
1407 1401 1520 1504 ipsum
1554 1400 1757 1481 concellum
1790 1513 1792 1517 Ι

270 1525 292 1579 e
343 1524 479 1579 icatur.
763 1542 769 1549 ·

321 1604 396 1683 sed
420 1603 623 1701 negandum
645 1600 719 1697 est,
744 1584 1138 1685 abstinentissimum
1162 1604 1272 1683 Indos
1296 1603 1455 1705 prasenti
1488 1605 1670 1704 privilegio
1695 1607 1756 1681 de·

224 1704 401 1807 obligarit
431 1704 555 1803 ,ellque
584 1707 765 1793 sententia
789 1710 989 1785 communis
1002 1714 1052 1787 dt
1075 1726 1174 1785 terta
1197 1730 1242 1783 ex
1265 1708 1365 1785 dictis
1390 1708 1528 1785 Adnot.
1553 1706 1599 1785 V·
1624 1706 1663 1785 N
1699 1708 1756 1785 'ue

223 1806 492 1896 oblatobn'lia
516 1808 614 1895 ratio
649 1808 871 1903 dubitandi,
895 1836 983 1887 uam
1016 1810 1172 1902 milites,
1197 1808 1346 1899 &sacri
1371 1808 1453 1887 belli
1487 1806 1645 1905 sumptus
1694 1834 1755 1909 up-

221 1910 418 2009 peditantes
442 1932 519 1984 non
542 1912 745 1987 eximuntur
769 1912 839 1988 lnc
864 1913 1094 2013 obligatione
1108 1932 1250 2010 propter
1273 1911 1363 1987 illud
1387 1910 1546 1989 landum
1569 1934 1756 2009 opnsprae-

221 2013 327 2105 ebe,
351 2006 481 2087 seder
511 2012 721 2089 'srecetsrtate
745 2039 822 2113 quae
846 2017 886 2089 in
910 2017 991 2091 ablu
1013 2014 1222 2095 bellantibus
1249 2010 1498 2115 pinsuntur,
1523 2016 1561 2089 dt
1586 2012 1624 2089 in
1655 2008 1757 2091 mall

222 2112 429 2189 habentibus
453 2112 654 2189 declaratur
678 2139 740 2211 per
764 2114 949 2194 confilium
974 2115 1152 2215 utriusque
1162 2116 1328 2201 unedici.
1354 2112 1460 2193 Unde
1493 2111 1609 2189 solum
1642 2111 1754 2193 inscr-

222 2228 302 2391 ιζ’,
322 2210 421 2391 me
445 2217 482 2291 dt
506 2213 617 2293 ludos
640 2216 732 2293 vesci
760 2218 922 2295 carnibus
958 2219 996 2333 in
1029 2220 1106 2317 pari
1130 2215 1334 2297 necellitate
1367 2215 1602 2305 constitutos,
1638 2216 1752 2295 etiam

278 2339 305 2390 e·
428 2367 439 2389 .
955 2382 961 2393 .

238 2466 269 2521 4
324 2417 473 2508 Dices,
492 2415 582 2517 'quid
606 2440 692 2516 ergo
717 2419 883 2495 concedit
906 2416 1096 2511 Pontifex,
1120 2418 1150 2495 sr
1171 2417 1354 2499 necessitas
1378 2418 1533 2515 ingruit.
1553 2414 1754 2511 Concedit,

223 2538 268 2595 nt-
286 2516 357 2595 fine
391 2515 557 2617 scrupulo
592 2516 657 2597 fiat
681 2522 777 2619 quod
802 2524 894 2599 ruta
932 2518 1147 2599 conscientia
1184 2520 1338 2598 liceret.
1375 2518 1435 2597 De
1470 2542 1545 2618 quo
1577 2520 1656 2597 vide
1692 2515 1751 2595 Ill.

223 2618 424 2697 Chilensern
448 2618 663 2719 Episcopum
702 2622 885 2699 Villarroel
921 2629 1018 2713 (a).
1044 2622 1129 2699 Hoc
1163 2642 1286 2699 tamen
1320 2646 1397 2699 non
1422 2622 1519 2697 tollit
1542 2622 1630 2720 quin
1653 2620 1748 2697 inter
1906 2622 1909 2627 ’

226 2719 335 2801 Indoe
355 2726 460 2823 plura
482 2746 668 2800 occurrere
687 2723 844 2821 politur,
869 2730 906 2802 δι
930 2744 1120 2801 occurrant
1145 2726 1185 2801 in
1209 2726 1347 2823 aliquot
1381 2721 1572 2823 prasertim
1601 2719 1754 2821 regioni·

190 2888 196 2898 .
220 2822 281 2901 bus
300 2826 571 2906 mediterraneis
593 2848 659 2901 noc
685 2824 825 2925 piscosn
846 2881 857 2918 ,
882 2852 959 2925 quo
980 2826 1225 2905 necessitatem
1242 2823 1409 2919 saciant,
1432 2848 1477 2901 ex
1511 2848 1582 2925 qua
1616 2822 1753 2901 deobli-

164 3010 169 3017 ,
224 2926 295 3025 gari
317 2922 462 3025 poliunt
487 2928 542 3003 tel
564 2924 674 3002 sacili
699 2926 884 3025 dispensari
910 2956 921 3018 3
947 2930 1001 3005 ira
1025 2950 1066 3005 ut
1092 2928 1151 3005 Ill.
1176 2924 1356 3024 Quirenfis
1380 2926 1571 3025 Episcopus
1608 2923 1756 3007 Monte·

224 3050 329 3127 oegro
354 3028 394 3103 in
417 3026 529 3101 simile
554 3049 806 3125 argumentum
829 3030 959 3104 dixerit
982 3028 1078 3119 (l):
1102 3032 1177 3103 soto
1200 3054 1271 3106 con
1295 3030 1392 3106 decit
1415 3084 1429 3123 ,
1452 3052 1522 3127 que
1545 3052 1583 3104 es
1606 3026 1753 3121 Indio,

223 3130 311 3205 tiene
338 3130 385 3204 de
409 3129 450 3204 su
472 3144 572 3225 parre
590 3128 729 3203 mucho
754 3130 902 3225 alegado
926 3153 1011 3227 pata
1035 3134 1083 3215 la,
1096 3128 1330 3225 dispensatim.
1356 3128 1413 3205 Ex
1436 3154 1531 3229 quo,
1568 3134 1605 3206 dt
1640 3128 1755 3204 exiis

221 3256 290 3329 qua
314 3228 427 3305 habet
449 3224 529 3305 seu.
556 3246 616 3325 3.,
639 3230 775 3325 praxis,
799 3254 877 3329 quae
902 3232 994 3306 inter
1018 3230 1152 3307 sclavos
1176 3236 1212 3309 dt
1236 3229 1375 3306 serviles
1383 3228 1670 3328 operas.obtinet
1691 3228 1755 3305 ali·

220 3332 319 3427 tobi,
345 3328 524 3421 justificari
556 3326 690 3429 potest:
725 3328 886 3407 maxims
907 3356 993 3409 cum
1015 3329 1185 3409 Pontifex
1220 3333 1258 3408 in
1295 3330 1456 3431 przsmti
1493 3328 1752 3415 conilimtione

219 3435 312 3511 nolit
336 3432 489 3531 intelligi
514 3430 560 3507 ab
583 3428 739 3511 Ecclesia
764 3430 862 3508 Indis
885 3433 1057 3523 jejunium
1080 3434 1218 3534 praecipi
1244 3488 1256 3528 ,
1291 3435 1389 3534 quod
1405 3435 1560 3510 illorum
1584 3430 1755 3526 officio,

219 3554 286 3611 aut
307 3534 505 3625 exercitio,
530 3553 595 3609 aut
619 3532 765 3609 saturati
789 3558 865 3609 non
889 3560 958 3610 con
981 3538 1074 3614 ruit.
1119 3596 1122 3601 .
1321 3598 1324 3603 .
1648 3562 1652 3569 ·

269 3642 399 3731 (wll)
423 3634 576 3730 Gloriosa
597 3636 666 3710 Dei
709 3636 878 3711 enitricis.
904 3560 1013 3713 fests
1047 3654 1203 3738 quantor
1234 3634 1308 3715 Dei
1353 3660 1400 3715 τω
1423 3638 1465 3717 in
1486 3634 1758 3715 Constitutione

214 3738 388 3839 expressis.
405 3738 548 3814 additur
570 3737 645 3813 dies
677 3660 925 3814 scamoniam
946 3736 1203 3839 Conceptionis
1226 3740 1274 3816 ad
1368 3764 1408 3815 m
1429 3738 1688 3817 Grammatico
1710 3734 1754 3815 P.

216 3838 419 3939 Figneredo
442 3837 557 3917 Limae
593 3840 684 3941 typis
719 3839 828 3919 edito
853 3864 952 3917 anno
991 3863 1102 3940 1754·
1128 3846 1221 3931 (c).
1256 3840 1328 3916 Sed
1351 3864 1436 3917 cum
1458 3842 1558 3918 nulla
1593 3841 1639 3915 de
1662 3836 1755 3917 lello

215 3938 496 4043 conceptionis,
517 3958 561 4018 ut
586 3943 631 4019 ab
656 3940 754 4019 Indis
778 3941 998 4019 obseruando
1021 3944 1282 4034 communiter,
1309 3942 1348 4016 in
1371 3942 1532 4018 conciliis
1555 3938 1758 4035 &synodis

217 4048 432 4121 americauis
456 4042 521 4119 liat
546 4044 708 4138 mentio,
733 4044 824 4120 dunt
847 4042 1022 4122 Indorum
1046 4040 1131 4121 festa
1156 4062 1413 4136 numerantur,
1446 4042 1542 4119 credi
1576 4066 1647 4141 pan
1664 4038 1717 4119 est
1739 4090 1755 4135 ‚

214 4146 294 4323 piel:
309 4142 384 4223 tile·
410 4146 588 4249 pemliare
618 4168 691 4245 pro
714 4144 877 4225 Dioecefi-
905 4146 1084 4240 Limane,
1108 4147 1165 4224 vel
1200 4145 1248 4222 ibi
1271 4141 1340 4223 esse
1363 4168 1430 4247 pro
1463 4144 1656 4225 devotione
1693 4164 1756 4245 pi>

255 4264 351 4321 m·
365 4282 374 4295 ⁶
462 4276 465 4281 '
509 4282 517 4309 ·.
629 4286 632 4291 ·
1299 4302 1304 4313 .
1601 4308 1606 4317 .
1686 4270 1692 4277 “
1735 4272 1747 4313 s

215 4330 221 4339 ¹
250 4372 257 4387 ’
321 4348 412 4427 teon
435 4346 635 4427 esttamen
660 4347 881 4451 agnoscenda
905 4348 1103 4449 obligatio,
1128 4349 1150 4427 ir
1172 4372 1244 4451 qua
1268 4349 1381 4427 Sedes.
1399 4348 1605 4449 Aposlolica
1627 4344 1758 4426 liberos

214 4444 288 4525 elie
311 4452 425 4529 voluit
450 4452 661 4549 neiiphiros,
688 4454 746 4527 vel
769 4452 815 4527 de
838 4478 909 4551 qua
933 4477 1008 4529 non
1033 4451 1117 4528 satis
1142 4448 1300 4528 constet.
1327 4451 1453 4551 Neque
1486 4450 1626 4544 obstat,
1659 4449 1759 4549 quod

217 4562 437 4655 preceptum
459 4552 670 4630 observandi·
691 4550 817 4629 sestum
842 4553 1091 4630 immaculate
1114 4552 1369 4651 conceptionis
1386 4553 1436 4631 srt
1452 4554 1616 4651 generale
1634 4554 1672 4630 dt
1695 4568 1758 4648 po

217 4650 365 4751 sterius,
390 4680 477 4733 nam
500 4657 620 4755 generi
644 4652 705 4731 seu
728 4656 883 4755 generali
907 4675 1082 4755 praecepto
1106 4656 1298 4755 derogatur
1321 4680 1382 4757 per
1415 4653 1569 4755 speciem
1600 4650 1663 4829 sep
1697 4672 1761 4750 ptr

304 4814 309 4819 ·
1651 4776 1710 4853 1²0·

214 4928 1763 4997 ww

238 5004 304 5073 sti
310 5002 504 5065 Vtttmoob.
513 5004 588 5065 acet.
598 5008 632 5064 Ρ.
647 5026 671 5059 ι.
682 5020 803 5077 quart.
814 5026 841 5061 a·
878 5000 1356 5076 (blmmen.1umrir.trrtcl.t.
1373 5003 1576 5079 4·ltsi·6·tr·t·
1614 4998 1760 5073 (enitue-

211 5080 302 5151 reto,
319 5084 399 5145 Arte
418 5082 456 5145 de
472 5085 586 5158 ungar
605 5082 749 5157 Gntbto,
765 5092 834 5157 pag.
855 5102 921 5152 ιιι.
1114 5104 1120 5121 ·
1245 5092 1253 5115 ··
1300 5092 1306 5117 ²
1435 5104 1443 5121 ι
1706 5102 1711 5113 ·
