3864 5686
459 281 744 401 Ar'osro
769 341 792 398 ι
817 341 829 397 i
855 340 880 399 c
907 343 963 398 re.
1024 331 1130 419 ¹564·
1186 327 1296 399 1600.
1530 344 1602 421 245

131 485 198 541 rou
224 448 375 539 actierdo
400 462 445 537 de
471 464 523 539 los
548 465 591 538 de
620 460 937 551 nuestroconsejo
962 463 1007 537 de
1032 464 1066 536 la
1093 461 1249 542 General
1275 459 1510 559 Inquisieion,
1535 485 1652 556 ycon·

129 564 269 642 sultado
294 591 362 640 con
387 565 487 657 Nos,
512 562 649 655 ordend
675 591 697 661 y
725 565 865 662 provejo
889 589 956 661 que
982 561 1017 639 se
1042 562 1181 662 postesse
1206 592 1227 658 y
1257 561 1433 638 assentasse
1460 588 1506 638 en
1544 569 1659 666 aques-

130 669 181 752 las
205 670 402 773 provincias
427 670 460 743 el
486 666 607 744 officio
632 670 676 742 de
701 669 737 742 la
763 668 828 745 Sta
855 667 1066 763 requistum.
1092 666 1186 741 Vide
1210 665 1311 762 supra
1336 664 1425 744 Ord.
1453 685 1515 766 33.

482 869 1073 950 ORDINATIO
1169 869 1320 950 CXXX.

598 1080 602 1084 ²
722 974 1024 1072 ‘Annoi57i.

237 1176 316 1252 Oru
344 1180 486 1276 proprio
512 1175 678 1252 concessit
703 1175 785 1252 Pius
811 1178 856 1250 V.
882 1175 1013 1253 Ordiiii
1039 1171 1317 1252 Praedicaroium
1343 1178 1381 1250 in
1406 1176 1509 1253 Nova
1534 1173 1659 1274 Hispa·

261 1282 322 1353 nia
350 1279 386 1352 in
413 1278 577 1354 omnibus
604 1279 764 1353 domibus
791 1283 853 1368 (1)
881 1284 917 1357 dr
941 1277 1161 1354 monasteriis
1186 1277 1388 1354 corillttidis
1412 1276 1660 1354 &construen-
1706 1291 1712 1297 ’

127 1381 177 1452 dis
206 1382 241 1453 in
268 1401 499 1478 perpetuum,
525 1401 565 1455 ut
590 1381 711 1456 diebus
737 1380 773 1455 S.
801 1381 1010 1472 Dominici,
1035 1381 1072 1455 S.
1099 1379 1253 1456 Thomas
1278 1381 1487 1477 Aquinatis,
1511 1379 1547 1453 S.
1574 1378 1661 1454 Vin·

123 1483 257 1574 centii,
283 1487 320 1558 dc
344 1483 381 1558 S.
407 1482 616 1560 Caritatinae
644 1483 688 1556 de
715 1482 838 1576 Senis,
864 1503 903 1558 ut
928 1483 987 1580 qui
1012 1480 1175 1558 ecclesias
1201 1482 1353 1580 praediili
1378 1482 1510 1555 ordinis
1545 1477 1663 1554 visita·

121 1601 225 1673 rent,
253 1589 289 1661 de
314 1608 433 1680 preces
459 1585 506 1659 ibi
533 1610 599 1682 pro
626 1605 821 1682 augmento
846 1583 1042 1658 clirislianae
1067 1585 1271 1681 religionis,
1299 1589 1333 1659 dt
1357 1582 1456 1658 Sedis
1484 1581 1662 1679 Apostoli·

120 1709 176 1759 ez
199 1679 295 1758 felici
322 1685 434 1776 slatu,
461 1712 503 1759 ac
531 1685 726 1760 infidelium
752 1684 982 1761 conversione
1007 1682 1220 1777 funderent,
1248 1685 1352 1759 toties
1381 1685 1576 1780 plenariam
1611 1682 1665 1757 in-

115 1786 371 1884 dulgentiam,
396 1793 433 1864 &
458 1789 622 1862 omnium
650 1809 875 1886 peccatorum
901 1786 1137 1863 remissionem
1165 1789 1201 1862 in
1237 1784 1354 1860 forma
1381 1784 1505 1874 jubilaei
1543 1781 1664 1858 conse-

109 1910 333 1986 querentur.
361 1886 479 1986 thue
505 1889 579 1962 liaec
617 1890 832 1986 indulgentia
860 1888 942 1963 esset
969 1890 1169 1964 communis
1196 1889 1319 1963 landis
1345 1888 1491 1984 propriis
1513 1884 1662 1960 Ordinis

111 1986 341 2083 Minoruin,
368 1994 404 2068 dt
428 1991 463 2065 S.
492 1989 696 2089 Augustini.
726 1991 811 2065 Vult
837 1990 1007 2067 Summus
1031 1986 1231 2079 Pontifex,
1256 2009 1299 2065 ut
1331 1991 1391 2088 qui
1420 1987 1458 2060 ln
1494 1986 1662 2084 prandistis

103 2088 371 2167 festivitatibus
395 2098 580 2168 &earum
606 2093 736 2169 odavis
762 2095 940 2166 contritus
965 2097 1000 2169 dr
1026 2088 1197 2167 consessus
1231 2088 1480 2166 eucharistiam
1518 2090 1663 2177 sumit,

104 2191 266 2268 easdem
294 2194 576 2292 indulgentias&
601 2192 745 2271 fortiori
777 2192 1029 2294 donscquatur.
1059 2193 1192 2291 Ecqui
1221 2189 1374 2266 insesso
1409 2191 1446 2265 S.
1473 2187 1662 2268 Doniinici

107 2299 161 2374 ὅ(
187 2295 223 2370 8.
252 2295 408 2370 Thomu
433 2302 468 2373 de
494 2321 618 2370 eorum
643 2299 769 2370 oslava
794 2296 1066 2387 celebraverint,
1081 2317 1141 2370 aut
1167 2292 1334 2369 celebrari
1360 2291 1530 2381 fecerint,
1557 2292 1664 2366 toties

126 2396 299 2472 eamdem
325 2398 583 2492 indulgentiam
610 2396 869 2495 consequantur
895 2399 932 2471 iri
958 2394 1074 2470 fornia
1099 2395 1227 2484 jubilas
1251 2400 1357 2481 (ii).
1386 2393 1441 2468 lta
1463 2389 1663 2490 Alphonsus

113 2497 306 2573 Veracruz
334 2500 369 2572 in
395 2499 622 2596 Compendio
648 2497 705 2571 M.
732 2496 768 2572 S.
797 2498 890 2595 apud
916 2497 1118 2594 Rodriguez
1143 2500 1235 2584 (a).
1260 2493 1441 2573 Concedit
1469 2493 1555 2567 irem
1584 2492 1663 2568 reli·

113 2597 253 2696 glosis,
279 2601 338 2695 qui
366 2603 411 2674 ad
440 2598 623 2677 liidiarum
650 2599 914 2674 conversionem
939 2594 1203 2695 proficiscuntur
1238 2603 1335 2686 (ιιι)
1363 2598 1399 2668 in
1440 2593 1498 2667 die
1522 2620 1595 2693 quo
1626 2590 1663 2670 se

98 2703 215 2775 :nari
243 2701 509 2794 commiserint,
544 2707 581 2779 d(
618 2699 665 2774 sic
693 2704 729 2775 in
768 2728 838 2799 quo
865 2704 1109 2798 pervenerint,
1135 2700 1190 2773 vel
1228 2699 1267 2772 iii
1304 2700 1429 2774 itinere
1454 2693 1662 2771 decesserint

89 2790 387 2900 indulgentiam
416 2802 596 2881 informa
633 2802 790 2898 Jubilaei.
830 2803 874 2877 Et
901 2798 1071 2900 religiosis
1096 2798 1281 2876 scientibus
1317 2800 1450 2875 idioma
1489 2795 1663 2873 ludorum

91 2906 228 2977 toties
253 2907 394 3000 quoties
421 2931 547 2980 munus
573 2907 726 2979 docendi
754 2904 863 2978 lndos
889 2925 1112 2994 exercerent,
1140 2926 1286 2978 centum
1312 2902 1405 2976 dies.
1447 2897 1503 2973 lta
1531 2899 1662 2976 Rodii·

84 3028 232 3097 guez,
257 3007 317 3099 qui
346 3005 418 3093 ait,
454 3006 632 3104 duplicem
657 3006 750 3078 hanc
780 3004 993 3100 postremam
1028 3003 1290 3079 concessroncm
1316 3004 1355 3076 in
1377 3003 1508 3078 eodem
1542 3022 1661 3079 motu·

99 3103 267 3203 proprio
294 3107 493 3182 contineri.
522 3104 613 3181 Vide
639 3103 729 3180 insta
755 3105 847 3180 Ord.
879 3128 962 3202 ¹75·
988 3111 1025 3182 dr
1050 3102 1151 3202 supra
1176 3104 1267 3179 Ord.
1294 3126 1357 3197 9¹·

549 3307 1229 3388 ADNOTATIONES.

172 3515 243 3601 (ι)
271 3516 309 3585 In
334 3511 478 3588 domibus
503 3508 543 3592 ds
566 3507 802 3600 'monasteriin
839 3513 1073 3614 Indulgentiae
1100 3515 1136 3588 in
1163 3515 1277 3612 prima
1290 3531 1404 3612 ·parre
1438 3511 1541 3601 huius
1565 3511 1662 3602 oris»

121 3613 278 3690 nationis
303 3613 471 3689 concessas
498 3616 674 3691 immunes
699 3612 777 3691 sunt
805 3619 827 3687 al
850 3618 1079 3692 revocatione
1105 3616 1222 3713 possea
1249 3617 1392 3690 decreta
1427 3613 1587 3692 *a'Panlo
1611 3612 1656 3693 ss.

121 3707 212 3790 fasta
239 3735 300 3812 23.
328 3715 444 3791 Maii.
476 3723 583 3793 1606.
614 3741 673 3815 per
696 3715 831 3791 Consl.
871 3725 1037 3796 Romanus
1061 3718 1236 3811 Pontijix3
1264 3741 1342 3792 tum
1374 3720 1458 3814 quia
1491 3711 1571 3792 sunt
1607 3724 1662 3794 lo·

119 3819 212 3891 cales
239 3873 250 3909 ,
278 3838 355 3894 tum
380 3819 463 3916 quia
490 3844 564 3893 non
589 3817 672 3892 solis
696 3819 911 3915 regularibus
937 3817 1125 3908 concessae,
1149 3818 1208 3891 sed
1233 3817 1453 3893 saecularibus
1477 3819 1587 3892 ctiam
1614 3820 1662 3899 ad

112 3934 243 3993 eorum
270 3917 431 3995 ecclesias
456 3920 772 3993 convenientibus.
800 3918 853 3995 Ut
877 3924 975 3996 enim
1002 3943 1047 3993 eir
1072 3916 1245 4009 Peirinis,
1272 3917 1439 4008 lezana,
1476 3923 1513 3994 δι
1547 3915 1660 4013 Quin·

113 4029 205 4094 tana
232 4022 366 4095 duetias
394 4022 508 4118 inquit
534 4022 624 4095 Viva
649 4019 746 4110 (b),
773 4025 913 4130 Certum
939 4020 1004 4107 esi,
1030 4018 1183 4095 Paulum
1210 4020 1255 4092 V.
1283 4041 1370 4116 noux
1383 4012 1558 4094 revocasse
1595 4045 1659 4123 pro

105 4121 333 4217 regularibus
359 4123 601 4220 indulgentias
626 4118 935 4199 Christi-fidelibus
961 4121 1270 4196 indiscriminatim
1297 4118 1493 4197 concessas:
1520 4122 1660 4201 unde&

431 4380 442 4417 ,
1350 4381 1359 4398 .

108 4428 189 4502 tias
214 4353 426 4527 reggllilariurn
453 4430 608 4519 locales,
635 4426 696 4509 seu
721 4425 874 4503 ecclesiis
900 4354 1337 4527 regulariumpconeeslas,
1362 4425 1422 4517 sed
1447 4427 1564 4506 solum
1574 4351 1658 4527 {ier-

100 4520 261 4607 sonales
287 4553 327 4604 ut
351 4529 387 4605 S.
415 4529 668 4628 congregatio
691 4530 887 4609 declaravit
910 4552 947 4620 τ.
974 4529 1069 4628 Sept.
1102 4543 1211 4622 1607.

22 4648 33 4663 '
166 4639 248 4724 (ιι)
277 4629 450 4725 lausonna
499 4632 658 4725 jubilei.
695 4631 817 4728 Aliqui
855 4651 1004 4729 putant,
1029 4632 1100 4704 hac
1133 4628 1289 4705 clauditis
1316 4627 1491 4705 contineri
1524 4626 1665 4713 favores

103 4753 240 4810 omnes
267 4736 307 4809 in
332 4731 486 4830 lubilaeo
517 4733 667 4816 concedi
692 4733 849 4815 solitos.
877 4732 949 4810 Sed
985 4730 1101 4813 verilis
1128 4733 1377 4811 contradicunt
1404 4730 1465 4804 alii
1492 4753 1575 4808 cum
1601 4733 1662 4812 Vi·

1566 4860 1609 4910 va

107 4958 568 4994 dvm*

157 5072 215 5145 ζα)
238 5077 414 5141 Raris-im.
439 5097 465 5133 a.
484 5076 557 5152 Q.
579 5078 637 5142 uit.
660 5094 685 5152 q.
710 5097 757 5149 η.
777 5093 836 5143 ari.
859 5099 883 5135 i.
926 5071 1100 5150 lbWi'va,
1119 5073 1253 5146 „iipmd-
1273 5073 1314 5134 ad
1338 5071 1430 5142 Jubis.
1461 5071 1483 5133 s·
1515 5091 1544 5130 s·
1568 5090 1598 5133 ιι.
1628 5085 1657 5136 6.
