3864 5686
465 310 969 397 Aeostontcm.
1027 334 1137 417 tyno.
1192 323 1301 416 ¹563·
1519 340 1591 397 aar

77 449 252 562 pondo
274 472 350 529 non
373 471 472 531 earet
495 454 734 550 disliotltate,
770 477 812 532 ut
849 459 886 532 in
908 458 963 534 uit
999 455 1249 556 Castropalaur
1273 460 1376 548 (al-3
1409 480 1525 557 neque
1545 460 1658 537 enim

70 557 271 664 pecatuia
294 554 537 643 data-clerico
558 559 714 635 saeeulari
739 584 805 655 pto
820 560 871 633 mi
934 559 1148 636 celebranda
1160 559 1292 634 dicitnr
1314 555 1550 658 stipadium,
1584 558 1655 639 affl

71 660 212 763 quia
231 658 351 733 datur·
364 659 409 733 ad
419 658 527 734 illius
550 659 840 736 sustentationem
864 659 926 736 sub
949 660 1171 758 obligatione
1194 657 1350 735 faciendi
1370 657 1536 752 sacrbm,
1550 660 1659 741 ¹&sto

73 763 151 841 ab
197 781 490 858 eoaeeeptatur,
516 786 602 855 nam
622 761 713 837 sacri
739 760 984 861 pretinm-'esse
1009 787 1087 835 non
1108 759 1245 860 potest,
1268 784 1336 837 nec
1374 760 1659 861 oompensatior

74 866 166 940 nt
202 862 241 935 in
263 858 465 955 Societare,
490 861 559 940 stae
581 862 631 940 &a
650 863 913 961 prohibitione,
936 863 1008 939 stae
1045 880 1213 939 etr-mro
1236 865 1486 960 paupertatis,
1525 858 1660 964 aliquid

76 969 136 1041 in
184 962 257 1042 nac
283 966 436 1039 materia
460 986 537 1041 erat
561 967 753 1058 illicitum,
778 968 872 1064 quod
899 966 977 1042 aliis
1001 966 1107 1057 licet,
1122 968 1168 1041 ἃ
1190 965 1297 1062 quod.
1311 965 1350 1038 itt
1375 964 1529 1041 aliia.esl
1553 962 1661 1041 fimo-

82 1067 199 1139 nia
229 1063 309 1141 labe
345 1090 470 1162 purum
495 1121 507 1160 ,
542 1088 582 1143 ut
618 1066 768 1143 habetur
793 1068 854 1142 cit.
879 1067 1063 1143 Examinis
1095 1070 1204 1155 loco,
1228 1066 1302 1141 ibi:
1325 1066 1558 1185 Quaestionum
1582 1070 1685 1142 aliia.

78 1169 157 1254 fit
195 1166 347 1240 licitum.
386 1163 535 1263 Propter
573 1171 646 1244 ltaec
679 1168 781 1243 addit
812 1165 1091 1266 Castmpalaus:
1128 1165 1297 1260 censerem
1319 1168 1552 1259 menmium,
1586 1190 1663 1244 non

86 1266 223 1365 posse
259 1265 475 1343 Societatem
499 1269 648 1367 obligari
673 1269 888 1367 obligatione
914 1268 1049 1357 justitia
1073 1268 1118 1342 ad
1143 1267 1335 1365 spiritualia
1362 1267 1593 1345 ministranda
1618 1288 1664 1343 ex

86 1363 627 1560 {mndagtozemcolsegiow
650 1369 877 1464 missionum,
901 1376 938 1450 dt
962 1367 1130 1448 bmilium
1149 1396 1162 1461 3
1186 1369 1274 1446 berte
1299 1390 1488 1449 tamen'ex
1511 1370 1663 1469 gratitu-

122 1492 213 1548 me
371 1487 477 1547 stass·
865 1508 870 1515 ·
1094 1534 1097 1539 .
1240 1506 1258 1513 ''
1294 1502 1297 1507 '
1373 1520 1378 1531 ·

230 1573 304 1647 ded
328 1574 512 1672 quomodo
535 1575 605 1650 hoc
631 1574 770 1653 constat
791 1602 875 1653 eum
899 1578 977 1675 lege
1003 1594 1065 1674 30.
1092 1576 1149 1653 tit.
1179 1594 1236 1672 15.
1262 1576 1324 1651 lib.
1364 1599 1397 1653 t.
1432 1572 1661 1670 Jtttisfflndi-

88 1674 138 1747 ei
164 1728 185 1766 ,
209 1675 270 1749 ubi
297 1676 448 1750 dicitur.
475 1678 580 1750 Todos
615 1679 670 1752 los
694 1702 760 1783 que
786 1678 948 1755 sarvieren
981 1681 1033 1752 las
1057 1678 1229 1753 doctrinas
1258 1706 1285 1770 ,·
1303 1678 1379 1753 itan
1414 1680 1460 1751 de
1494 1678 1664 1753 entender

85 1792 169 1847 en
197 1774 233 1850 el
258 1773 383 1851 officio
405 1778 451 1851 de
475 1776 612 1870 Curae,
636 1805 696 1853 nen
729 1808 773 1853 ex
807 1799 887 1857 voto
911 1781 1112 1871 eharitatis,
1139 1803 1246 1855 como
1282 1780 1407 1870 dicen,
1433 1775 1510 1852 sino
1534 1779 1579 1851 de
1614 1780 1665 1867 jn.»

84 1870 227 1951 stieia
241 1900 301 1969 ,y
325 1876 520 1976 obligaeion.
559 1878 664 1977 Resp.
686 1934 699 1973 ‚
723 1881 952 1958 dominarier
984 1882 1031 1955 de
1063 1880 1242 1954 Societate
1266 1879 1386 1956 obiisse
1409 1903 1538 1953 munus
1561 1902 1665 1973 paro·

84 1974 247 2052 thiale
272 2002 318 2052 ex
343 1979 472 2067 iustitia
497 1982 533 2057 bt
559 1981 801 2080 obligatione,
826 1979 1308 2072 utlexhabe15sedbanc
1334 1979 1590 2077 obligationem
1609 1978 1664 2055 su·

83 2073 251 2155 bibant
276 2102 321 2157 ex
344 2078 487 2172 officio,
514 2107 588 2157 non
612 2107 656 2157 ex
680 2082 877 2182 stipendio,
902 2084 998 2183 quod
1022 2081 1195 2176 synodum
1221 2102 1371 2159 vocant.
1393 2080 1453 2155 It'a
1476 2088 1516 2155 itt
1538 2077 1666 2156 officio

81 2176 204 2253 rite·
221 2183 382 2273 collato,
407 2186 444 2259 dt
468 2203 675 2282 acceptato,
701 2188 754 2259 vel
781 2186 959 2278 initiatio,
985 2209 1060 2259 non
1085 2181 1203 2258 solum
1222 2208 1273 2257 ex
1284 2184 1474 2275 enaritate·
1502 2185 1540 2256 dt
1574 2178 1663 2255 fide...

78 2277 114 2349 li
127 2298 228 2357 tate
254 2282 406 2380 obligati
430 2284 539 2358 essent
556 2338 577 2378 .,
603 2284 731 2362 sedeat
755 2287 906 2381 iustitia,
932 2287 1089 2386 quandiu
1112 2287 1254 2359 duraret
1278 2282 1438 2358 officium
1465 2310 1477 2373 3
1500 2283 1586 2357 licet
1610 2279 1662 2375 sy·¹

77 2382 240 2457 nono
265 2407 341 2461 non
365 2382 580 2462 solueretur.
607 2383 724 2463 Modo
751 2409 872 2463 tamen
897 2412 971 2464 non
997 2388 1113 2484 agitur
1136 2385 1182 2460 de
1201 2385 1417 2482 obligatione
1442 2383 1663 2471 aliundeitm

76 2484 288 2561 minente
310 2487 418 2583 quam
449 2510 492 2560 err
517 2485 677 2585 stipendii
704 2488 1010 2583 aeteleemosyna
1033 2486 1260 2581 erogatione.
1330 2530 1336 2543 ·
1648 2544 1653 2559 .

82 2606 90 2611 ’
231 2585 270 2662 Ρ.
298 2586 613 2678 Pellizzarius-(b)
639 2591 742 2666 aliter
768 2588 909 2667 stulinet
936 2588 1151 2664 cumCard.
1175 2588 1222 2663 de
1246 2585 1354 2684 Lugo
1389 2587 1658 2683 quemicitata

74 2686 385 2786 'esponsronetn
408 2689 540 2766 Sandis
564 2692 703 2766 dinem:
728 2690 924 2769 Hominibus
960 2691 1003 2768 de
1026 2687 1196 2767 societate
1220 2689 1444 2767 interdid’tun
1458 2682 1537 2761 osse
1571 2686 1665 2767 acci·

75 2802 208 2873 Pete
232 2816 297 2889 pro
320 2791 520 2866 ministeriis
543 2790 798 2890 spiritualibus,
822 2818 898 2872 non
932 2795 1114 2881 omnino,
1148 2787 1208 2865 sed
1242 2790 1441 2888 illud-quo
1472 2786 1666 2867 ministeria

72 2883 289 2998 Videntur
313 2891 554 2990 compensari.
580 2891 686 2970 Unde
702 2891 750 2968 sit
775 2916 817 2969 ut
837 2896 1001 2993 'quamtis
1024 2893 1164 2970 tatione
1187 2888 1590 2989 aerumma-penum
1609 2912 1666 2965 re·

71 3002 244 3093 expete
269 2991 458 3067 necessaria
484 2993 529 3065 ad
554 3016 819 3090 competentem
840 2996 1132 3073 sustemationem
1157 2993 1273 3081 (sieut
1290 2990 1448 3093 polltmt
1483 2993 1545 3066 alii
1572 2990 1665 3071 nli·

67 3085 135 3177 g?
150 3089 266 3181 osi);
294 3093 390 3169 liciti:
418 3112 540 3166 tamen
567 3091 729 3188 possmus
755 3120 821 3170 noa
844 3095 981 3172 servate
1006 3094 1191 3171 indemnes
1200 3132 1218 3180 ,·
1239 3095 1440 3194 recipiendo
1464 3118 1511 3166 a:
1523 3115 1559 3189 g.
1597 3112 1664 3189 pro

65 3185 257 3270 viatico
285 3194 341 3268 vel
368 3193 458 3269 vitiu
495 3190 790 3270 subministrando
825 3196 865 3269 in
899 3198 976 3270 alio
1003 3196 1108 3284 loco,
1134 3195 1171 3266 in
1196 3219 1270 3291 quo
1287 3197 1392 3268 :alias
1415 3216 1492 3267 non
1512 3189 1663 3285 essemus

74 3288 244 3369 alendi
256 3348 268 3387 ,
297 3291 441 3392 aliisque
465 3291 655 3384 similibus3
680 3293 755 3383 hoc
776 3297 873 3373 enim
898 3321 972 3373 non
998 3294 1101 3372 affert
1127 3297 1287 3385 luctum,
1311 3293 1370 3367 sed
1404 3287 1518 3368 aufert
1553 3316 1666 3369 novoe

72 3380 305 3495 ffimptus,
333 3393 562 3494 &expensas
599 3397 932 3490 extraordinarias,
969 3394 1125 3495 facitque
1161 3420 1237 3473 non
1272 3419 1313 3471 ut
1338 3396 1579 3494 accipiamur,
1603 3390 1666 3475 sed

78 3510 174 3571 ne
194 3497 431 3595 expendamus
456 3520 500 3572 ex
525 3492 645 3572 nostro
671 3497 709 3570 id
731 3500 829 3596 quod
853 3501 1010 3596 alioquin
1034 3523 1110 3575 non
1133 3494 1218 3576 esset
1241 3497 1536 3596 expendendum:
1568 3494 1667 3596 quod

81 3598 218 3679 certe
245 3616 321 3676 non
346 3596 395 3673 est
420 3600 575 3695 recipere
599 3597 812 3695 stipendium
838 3602 895 3674 vel
915 3598 1202 3693 eleemosynam,
1226 3596 1286 3676 sed
1303 3626 1372 3675 non
1395 3598 1497 3674 dare.-
1535 3624 1657 3673 rut-¹2·

99 3734 118 3749 ·
225 3700 439 3780 Notandum
462 3699 549 3774 verb
571 3698 622 3775 est
645 3699 717 3775 hoc
745 3704 852 3777 titulo
877 3705 900 3779 d
923 3701 1129 3780 Pellimario
1149 3699 1481 3801 explicato-,solum
1502 3692 1667 3796 posl'oae·

94 3803 198 3901 cipi
221 3808 266 3881 de
291 3800 538 3895 eleemosyna,
563 3822 736 3899 quantum
765 3805 803 3878 in
828 3801 1091 3882 sustentationis
1116 3856 1128 3895 ,
1153 3803 1380 3890 vestiatiei,
1413 3806 1471 3891 yel
1509 3800 1596 3875 elias
1615 3800 1666 3875 de

99 3916 193 3981 tuo
214 3905 399 3983 faciendos
423 3902 579 4002 sumptus
600 3903 875 3999 expendendum
901 3902 1017 3994 soret,
1037 3903 1100 3977 de
1131 3902 1267 4000 reliquo
1301 3899 1600 3977 abstinendum-
1619 3898 1665 3977 ld

104 4010 221 4101 qnod
246 4012 283 4084 in
306 4006 441 4106 Congr.
466 4003 562 4082 Gen.
588 4002 675 4081 xis
713 4003 766 4079 D.
793 4026 856 4101 40.
893 4002 1065 4080 statutum
1101 4024 1203 4096 erat,
1239 4001 1310 4077 ibi:
1346 4000 1445 4105 Nabis
1478 4012 1601 4096 preter
1625 3999 1666 4075 id
1696 4006 1703 4011 “

154 4113 222 4186 uod
248 4111 296 4187 ad
319 4107 587 4186 concionatoria
609 4101 900 4181 sustentationem
934 4106 1049 4194 (dum
1085 4125 1227 4205 peregre
1262 4100 1385 4189 abest.)
1417 4106 1469 4181 &1
1494 4100 1666 4215 uiaticum

130 4217 227 4292 uerit
252 4211 449 4309 expensum
467 4208 531 4284 uel
557 4203 814 4301 necessarium,
838 4207 951 4306 accipi
975 4208 996 4283 l
1021 4204 1124 4285 nobis
1140 4202 1243 4304 posse
1259 4200 1666 4306 ,tanquamsliptndittai

113 4324 187 4388 aut
210 4308 475 4410 eleemosynam
499 4312 543 4385 in
578 4308 906 4409 compensationem
943 4333 1008 4410 pro
1044 4308 1271 4402 ministerio,
1305 4310 1462 4406 adeoque
1497 4303 1668 4405 qtu'dqtt'sl

85 4408 220 4497 Atltra
246 4416 419 4514 reliquum
443 4412 576 4504 suerit,
601 4411 746 4487 reddat.
773 4410 811 4487 Si
839 4431 959 4488 tamen
984 4433 1109 4510 urgeat
1123 4412 1380 4535 ille‚„velit3ue
1389 4410 1488 4486 ultro
1513 4403 1583 4485 &s

114 4517 158 4623 ⁸5
188 4539 252 4599 aut
279 4520 387 4595 titulo
413 4540 507 4615 purte
533 4519 570 4592 dt
594 4512 745 4588 liberalis
769 4513 999 4610 eleemosynae
1024 4516 1132 4607 dare,
1159 4513 1290 4613 poterit
1315 4538 1354 4590 tn
1379 4534 1424 4586 eo
1450 4504 1533 4585 casu
1584 4530 1666 4607 upe

102 4620 197 4703 1¹¹0t
222 4624 262 4698 in
285 4620 485 4696 utilitatem
512 4613 664 4706 domlls,
691 4616 748 4690 cui
774 4617 930 4713 praeest,
971 4616 1153 4712 accipere.

227 4722 396 4822 Idemque
420 4720 467 4796 de
489 4715 651 4816 synodo,
677 4716 772 4816 quod
796 4717 841 4795 de
867 4713 1089 4812 eleemosyna
1117 4717 1154 4791 in
1178 4713 1398 4794 missionibus
1421 4711 1668 4892 amima,

1606 4944 1672 4979 Γ*

159 5060 367 5140 (llssaylm.
385 5066 469 5129 trasl-
496 5075 545 5122 ιι.
564 5065 602 5124 D·
623 5082 652 5131 t·
672 5063 775 5127 raam
794 5064 844 5123 lsi.
864 5082 941 5125 nant.
963 5072 991 5123 6.-
1031 5061 1084 5133 (b)
1103 5032 1667 5158 tenemini.ocant-erunt·sai·
