<?xml version="1.0" encoding="UTF-8"?>
<!DOCTYPE html PUBLIC "-//W3C//DTD XHTML 1.0 Transitional//EN"
    "http://www.w3.org/TR/xhtml1/DTD/xhtml1-transitional.dtd">
<html xmlns="http://www.w3.org/1999/xhtml" xml:lang="en" lang="en">
 <head>
  <title>
</title>
<meta http-equiv="Content-Type" content="text/html;charset=utf-8" />
  <meta name='ocr-system' content='tesseract 3.04.00' />
  <meta name='ocr-capabilities' content='ocr_page ocr_carea ocr_par ocr_line ocrx_word'/>
</head>
<body>
  <div class='ocr_page' id='page_1' title='image "./fastinoviorbise00moregoog_0101.png"; bbox 0 0 3864 5686; ppageno 0'>
   <div class='ocr_carea' id='block_1_1' title="bbox 251 320 1269 431">
    <p class='ocr_par' dir='ltr' id='par_1_1' title="bbox 251 320 1269 431">
     <span class='ocr_line' id='line_1_1' title="bbox 251 320 1269 431; baseline 0.011 -44"><span class='ocrx_word' id='word_1_1' title='bbox 251 359 304 431; x_wconf 90' lang='lat'>90</span> <span class='ocrx_word' id='word_1_2' title='bbox 392 382 424 396; x_wconf 60' lang='lat'>„.</span> <span class='ocrx_word' id='word_1_3' title='bbox 679 320 1269 403; x_wconf 77' lang='lat' dir='ltr'>Onurrtattottus</span> 
     </span>
    </p>
   </div>
   <div class='ocr_carea' id='block_1_2' title="bbox 198 458 1742 1183">
    <p class='ocr_par' dir='ltr' id='par_1_2' title="bbox 198 458 1742 1183">
     <span class='ocr_line' id='line_1_2' title="bbox 202 458 1737 565; baseline -0.007 -14"><span class='ocrx_word' id='word_1_4' title='bbox 202 472 367 551; x_wconf 87' lang='lat' dir='ltr'>sicolares</span> <span class='ocrx_word' id='word_1_5' title='bbox 390 489 506 565; x_wconf 88' lang='lat' dir='ltr'>neque</span> <span class='ocrx_word' id='word_1_6' title='bbox 526 464 640 540; x_wconf 84' lang='lat' dir='ltr'>sericae</span> <span class='ocrx_word' id='word_1_7' title='bbox 658 461 750 556; x_wconf 89' lang='lat' dir='ltr'>sint,</span> <span class='ocrx_word' id='word_1_8' title='bbox 775 484 890 562; x_wconf 90' lang='lat' dir='ltr'>neque</span> <span class='ocrx_word' id='word_1_9' title='bbox 915 482 977 538; x_wconf 90' lang='lat' dir='ltr'>aut</span> <span class='ocrx_word' id='word_1_10' title='bbox 996 461 1173 539; x_wconf 86' lang='lat' dir='ltr'>breviores</span> <span class='ocrx_word' id='word_1_11' title='bbox 1199 479 1262 538; x_wconf 87' lang='lat' dir='ltr'>aut</span> <span class='ocrx_word' id='word_1_12' title='bbox 1282 458 1488 555; x_wconf 68' lang='lat' dir='ltr'>strictiores,</span> <span class='ocrx_word' id='word_1_13' title='bbox 1515 484 1628 563; x_wconf 85' lang='lat' dir='ltr'>neque</span> <span class='ocrx_word' id='word_1_14' title='bbox 1647 486 1737 540; x_wconf 87' lang='lat' dir='ltr'>eon·</span> 
     </span>
     <span class='ocr_line' id='line_1_3' title="bbox 202 563 1735 672; baseline -0.007 -19"><span class='ocrx_word' id='word_1_15' title='bbox 202 597 259 653; x_wconf 81' lang='lat' dir='ltr'>tra</span> <span class='ocrx_word' id='word_1_16' title='bbox 284 572 511 672; x_wconf 81' lang='lat' dir='ltr'>prolixiores,</span> <span class='ocrx_word' id='word_1_17' title='bbox 539 589 601 644; x_wconf 89' lang='lat' dir='ltr'>aut</span> <span class='ocrx_word' id='word_1_18' title='bbox 626 568 876 665; x_wconf 82' lang='lat' dir='ltr'>splendidiores</span> <span class='ocrx_word' id='word_1_19' title='bbox 900 591 1010 665; x_wconf 87' lang='lat' dir='ltr'>quam</span> <span class='ocrx_word' id='word_1_20' title='bbox 1033 566 1162 660; x_wconf 87' lang='lat' dir='ltr'>decet,</span> <span class='ocrx_word' id='word_1_21' title='bbox 1184 563 1246 643; x_wconf 89' lang='lat' dir='ltr'>sed</span> <span class='ocrx_word' id='word_1_22' title='bbox 1271 589 1337 664; x_wconf 91' lang='lat' dir='ltr'>pro</span> <span class='ocrx_word' id='word_1_23' title='bbox 1362 563 1593 643; x_wconf 77' lang='lat' dir='ltr'>ecclesiastica</span> <span class='ocrx_word' id='word_1_24' title='bbox 1617 568 1735 666; x_wconf 85' lang='lat' dir='ltr'>gravi·</span> 
     </span>
     <span class='ocr_line' id='line_1_4' title="bbox 201 666 1737 768; baseline -0.007 -13"><span class='ocrx_word' id='word_1_25' title='bbox 201 699 278 754; x_wconf 78' lang='lat' dir='ltr'>tate</span> <span class='ocrx_word' id='word_1_26' title='bbox 304 675 452 749; x_wconf 86' lang='lat' dir='ltr'>talares.</span> <span class='ocrx_word' id='word_1_27' title='bbox 481 672 748 748; x_wconf 82' lang='lat' dir='ltr'>Removeantur</span> <span class='ocrx_word' id='word_1_28' title='bbox 771 693 856 768; x_wconf 85' lang='lat' dir='ltr'>ergo</span> <span class='ocrx_word' id='word_1_29' title='bbox 883 667 904 740; x_wconf 72' lang='lat' dir='ltr'>s</span> <span class='ocrx_word' id='word_1_30' title='bbox 930 669 1141 745; x_wconf 89' lang='lat' dir='ltr'>clericorum</span> <span class='ocrx_word' id='word_1_31' title='bbox 1165 666 1229 746; x_wconf 88' lang='lat' dir='ltr'>usu</span> <span class='ocrx_word' id='word_1_32' title='bbox 1263 693 1358 744; x_wconf 79' lang='lat' dir='ltr'>nova</span> <span class='ocrx_word' id='word_1_33' title='bbox 1392 671 1554 768; x_wconf 74' lang='lat' dir='ltr'>quedam</span> <span class='ocrx_word' id='word_1_34' title='bbox 1588 671 1737 745; x_wconf 79' lang='lat' dir='ltr'>invente</span> 
     </span>
     <span class='ocr_line' id='line_1_5' title="bbox 202 770 1742 871; baseline -0.003 -19"><span class='ocrx_word' id='word_1_35' title='bbox 202 780 497 867; x_wconf 65' lang='lat' dir='ltr'>irritamentorum</span> <span class='ocrx_word' id='word_1_36' title='bbox 521 779 558 852; x_wconf 81' lang='lat' dir='ltr'>dc</span> <span class='ocrx_word' id='word_1_37' title='bbox 582 795 752 865; x_wconf 86' lang='lat' dir='ltr'>ornatus,</span> <span class='ocrx_word' id='word_1_38' title='bbox 777 797 854 870; x_wconf 85' lang='lat' dir='ltr'>quae</span> <span class='ocrx_word' id='word_1_39' title='bbox 878 772 1010 870; x_wconf 76' lang='lat' dir='ltr'>milites</span> <span class='ocrx_word' id='word_1_40' title='bbox 1047 797 1123 848; x_wconf 89' lang='lat' dir='ltr'>non</span> <span class='ocrx_word' id='word_1_41' title='bbox 1146 773 1293 849; x_wconf 75' lang='lat' dir='ltr'>clericos</span> <span class='ocrx_word' id='word_1_42' title='bbox 1315 771 1446 852; x_wconf 79' lang='lat' dir='ltr'>decent</span> <span class='ocrx_word' id='word_1_43' title='bbox 1470 825 1483 866; x_wconf 90' lang='lat'>,</span> <span class='ocrx_word' id='word_1_44' title='bbox 1514 773 1635 871; x_wconf 80' lang='lat' dir='ltr'>qualia</span> <span class='ocrx_word' id='word_1_45' title='bbox 1660 770 1742 848; x_wconf 88' lang='lat' dir='ltr'>sunt</span> 
     </span>
     <span class='ocr_line' id='line_1_6' title="bbox 199 873 1742 979; baseline -0.006 -23"><span class='ocrx_word' id='word_1_46' title='bbox 199 905 277 979; x_wconf 81' lang='lat' dir='ltr'>quae</span> <span class='ocrx_word' id='word_1_47' title='bbox 303 877 421 975; x_wconf 84' lang='lat' dir='ltr'>patrio</span> <span class='ocrx_word' id='word_1_48' title='bbox 445 900 546 952; x_wconf 90' lang='lat' dir='ltr'>more</span> <span class='ocrx_word' id='word_1_49' title='bbox 574 900 702 952; x_wconf 82' lang='lat' dir='ltr'>vocate</span> <span class='ocrx_word' id='word_1_50' title='bbox 725 873 840 951; x_wconf 83' lang='lat' dir='ltr'>solent</span> <span class='ocrx_word' id='word_1_51' title='bbox 864 875 1101 975; x_wconf 60' lang='lat' dir='ltr'>delegasset,</span> <span class='ocrx_word' id='word_1_52' title='bbox 1122 877 1298 975; x_wconf 78' lang='lat' dir='ltr'>polaiaas,</span> <span class='ocrx_word' id='word_1_53' title='bbox 1318 881 1478 974; x_wconf 63' lang='lat' dir='ltr'>peseto,</span> <span class='ocrx_word' id='word_1_54' title='bbox 1510 873 1742 977; x_wconf 80' lang='lat' dir='ltr'>guereiciones</span> 
     </span>
     <span class='ocr_line' id='line_1_7' title="bbox 203 975 1741 1081; baseline -0.001 -26"><span class='ocrx_word' id='word_1_55' title='bbox 203 986 243 1056; x_wconf 82' lang='lat' dir='ltr'>de</span> <span class='ocrx_word' id='word_1_56' title='bbox 263 981 366 1077; x_wconf 80' lang='lat' dir='ltr'>seda,</span> <span class='ocrx_word' id='word_1_57' title='bbox 386 977 487 1080; x_wconf 68' lang='lat' dir='ltr'>sajet</span> <span class='ocrx_word' id='word_1_58' title='bbox 509 1005 549 1052; x_wconf 81' lang='lat' dir='ltr'>en</span> <span class='ocrx_word' id='word_1_59' title='bbox 573 981 620 1054; x_wconf 84' lang='lat' dir='ltr'>las</span> <span class='ocrx_word' id='word_1_60' title='bbox 645 993 816 1071; x_wconf 80' lang='lat' dir='ltr'>manteos,</span> <span class='ocrx_word' id='word_1_61' title='bbox 841 979 1046 1071; x_wconf 72' lang='lat' dir='ltr'>adamaret,</span> <span class='ocrx_word' id='word_1_62' title='bbox 1082 997 1272 1072; x_wconf 75' lang='lat' dir='ltr'>monstres,</span> <span class='ocrx_word' id='word_1_63' title='bbox 1293 980 1503 1075; x_wconf 70' lang='lat' dir='ltr'>paettessate</span> <span class='ocrx_word' id='word_1_64' title='bbox 1531 975 1741 1081; x_wconf 58' lang='lat' dir='ltr'>tapetes&amp;</span> 
     </span>
     <span class='ocr_line' id='line_1_8' title="bbox 198 1079 1714 1183; baseline -0.005 -20"><span class='ocrx_word' id='word_1_65' title='bbox 198 1082 301 1181; x_wconf 79' lang='lat' dir='ltr'>seda,</span> <span class='ocrx_word' id='word_1_66' title='bbox 319 1081 461 1183; x_wconf 77' lang='lat' dir='ltr'>soslager</span> <span class='ocrx_word' id='word_1_67' title='bbox 484 1107 524 1156; x_wconf 81' lang='lat' dir='ltr'>en</span> <span class='ocrx_word' id='word_1_68' title='bbox 548 1083 601 1159; x_wconf 86' lang='lat' dir='ltr'>las</span> <span class='ocrx_word' id='word_1_69' title='bbox 627 1083 742 1158; x_wconf 76' lang='lat' dir='ltr'>calzas</span> <span class='ocrx_word' id='word_1_70' title='bbox 765 1082 784 1158; x_wconf 84' lang='grc' dir='ltr'><em>ὸ</em></span> <span class='ocrx_word' id='word_1_71' title='bbox 808 1081 953 1174; x_wconf 81' lang='lat' dir='ltr'>mustos,</span> <span class='ocrx_word' id='word_1_72' title='bbox 978 1106 1103 1181; x_wconf 76' lang='lat' dir='ltr'>amque</span> <span class='ocrx_word' id='word_1_73' title='bbox 1122 1079 1203 1178; x_wconf 78' lang='lat' dir='ltr'>seen</span> <span class='ocrx_word' id='word_1_74' title='bbox 1226 1082 1264 1157; x_wconf 84' lang='lat' dir='ltr'>de</span> <span class='ocrx_word' id='word_1_75' title='bbox 1282 1089 1396 1181; x_wconf 72' lang='lat' dir='ltr'>petie.</span> <span class='ocrx_word' id='word_1_76' title='bbox 1438 1086 1442 1095; x_wconf 84' lang='grc'><em>’</em></span> <span class='ocrx_word' id='word_1_77' title='bbox 1709 1121 1714 1125; x_wconf 47' lang='grc'><strong>’</strong></span> 
     </span>
    </p>
   </div>
   <div class='ocr_carea' id='block_1_3' title="bbox 554 1282 1379 1487">
    <p class='ocr_par' dir='ltr' id='par_1_3' title="bbox 554 1282 1379 1487">
     <span class='ocr_line' id='line_1_9' title="bbox 554 1282 1379 1366; baseline -0.008 0"><span class='ocrx_word' id='word_1_78' title='bbox 554 1282 1142 1366; x_wconf 79' lang='lat' dir='ltr'>ORDINATIO</span> <span class='ocrx_word' id='word_1_79' title='bbox 1240 1282 1379 1366; x_wconf 88' lang='lat' dir='ltr'><strong>XXVI.</strong></span> 
     </span>
     <span class='ocr_line' id='line_1_10' title="bbox 842 1387 1092 1487; baseline -0.012 -23"><span class='ocrx_word' id='word_1_80' title='bbox 842 1387 1092 1487; x_wconf 71' lang='lat' dir='ltr'>Annot514</span> 
     </span>
    </p>
   </div>
   <div class='ocr_carea' id='block_1_4' title="bbox 198 1586 1744 2510">
    <p class='ocr_par' dir='ltr' id='par_1_4' title="bbox 275 1586 1742 1691">
     <span class='ocr_line' id='line_1_11' title="bbox 275 1586 1742 1691; baseline -0.003 -23"><span class='ocrx_word' id='word_1_81' title='bbox 275 1592 363 1669; x_wconf 72' lang='lat' dir='ltr'>Asia</span> <span class='ocrx_word' id='word_1_82' title='bbox 389 1589 439 1668; x_wconf 90' lang='lat' dir='ltr'>est</span> <span class='ocrx_word' id='word_1_83' title='bbox 463 1590 660 1672; x_wconf 77' lang='lat' dir='ltr'>Abbatialis</span> <span class='ocrx_word' id='word_1_84' title='bbox 685 1590 841 1671; x_wconf 76' lang='lat' dir='ltr'>Ecclesia</span> <span class='ocrx_word' id='word_1_85' title='bbox 865 1591 1055 1691; x_wconf 83' lang='lat' dir='ltr'>Jamaicte.</span> <span class='ocrx_word' id='word_1_86' title='bbox 1083 1592 1142 1671; x_wconf 90' lang='lat' dir='ltr'>Ittt</span> <span class='ocrx_word' id='word_1_87' title='bbox 1175 1591 1216 1670; x_wconf 90' lang='grc' dir='ltr'>Ρ.</span> <span class='ocrx_word' id='word_1_88' title='bbox 1241 1589 1299 1670; x_wconf 82' lang='lat' dir='ltr'>Ct.</span> <span class='ocrx_word' id='word_1_89' title='bbox 1325 1590 1493 1675; x_wconf 80' lang='lat' dir='ltr'>Clemens</span> <span class='ocrx_word' id='word_1_90' title='bbox 1518 1592 1557 1668; x_wconf 90' lang='lat' dir='ltr'>iu</span> <span class='ocrx_word' id='word_1_91' title='bbox 1590 1586 1742 1667; x_wconf 76' lang='lat' dir='ltr'>Tabulis</span> 
     </span>
    </p>

    <p class='ocr_par' dir='ltr' id='par_1_5' title="bbox 198 1689 1744 2510">
     <span class='ocr_line' id='line_1_12' title="bbox 299 1689 1744 1796; baseline -0.003 -25"><span class='ocrx_word' id='word_1_92' title='bbox 299 1695 473 1786; x_wconf 86' lang='lat' dir='ltr'>Cltronol.</span> <span class='ocrx_word' id='word_1_93' title='bbox 501 1695 583 1771; x_wconf 89' lang='lat' dir='ltr'>lnd.</span> <span class='ocrx_word' id='word_1_94' title='bbox 608 1696 748 1777; x_wconf 88' lang='lat' dir='ltr'>Decad.</span> <span class='ocrx_word' id='word_1_95' title='bbox 778 1715 814 1794; x_wconf 87' lang='lat'>3.</span> <span class='ocrx_word' id='word_1_96' title='bbox 841 1696 890 1774; x_wconf 91' lang='lat' dir='ltr'>Et</span> <span class='ocrx_word' id='word_1_97' title='bbox 915 1695 965 1772; x_wconf 84' lang='lat' dir='ltr'>est</span> <span class='ocrx_word' id='word_1_98' title='bbox 999 1698 1129 1791; x_wconf 85' lang='lat' dir='ltr'>tmica,</span> <span class='ocrx_word' id='word_1_99' title='bbox 1152 1696 1250 1796; x_wconf 91' lang='lat' dir='ltr'>quod</span> <span class='ocrx_word' id='word_1_100' title='bbox 1275 1693 1384 1772; x_wconf 88' lang='lat' dir='ltr'>sciam</span> <span class='ocrx_word' id='word_1_101' title='bbox 1407 1751 1420 1789; x_wconf 87' lang='lat'>‚</span> <span class='ocrx_word' id='word_1_102' title='bbox 1446 1696 1485 1770; x_wconf 90' lang='lat' dir='ltr'>in</span> <span class='ocrx_word' id='word_1_103' title='bbox 1509 1695 1617 1772; x_wconf 89' lang='lat' dir='ltr'>Novo</span> <span class='ocrx_word' id='word_1_104' title='bbox 1642 1689 1744 1766; x_wconf 83' lang='lat' dir='ltr'>Orbe</span> 
     </span>
     <span class='ocr_line' id='line_1_13' title="bbox 200 1792 1743 1891; baseline -0.005 -14"><span class='ocrx_word' id='word_1_105' title='bbox 200 1795 362 1877; x_wconf 75' lang='lat' dir='ltr'>Ecclefia</span> <span class='ocrx_word' id='word_1_106' title='bbox 388 1821 434 1873; x_wconf 90' lang='lat' dir='ltr'>eo</span> <span class='ocrx_word' id='word_1_107' title='bbox 459 1798 566 1874; x_wconf 89' lang='lat' dir='ltr'>titulo</span> <span class='ocrx_word' id='word_1_108' title='bbox 598 1799 802 1891; x_wconf 82' lang='lat' dir='ltr'>decorata,</span> <span class='ocrx_word' id='word_1_109' title='bbox 838 1794 1166 1876; x_wconf 60' lang='lat' dir='ltr'>breul‘duraturo.</span> <span class='ocrx_word' id='word_1_110' title='bbox 1200 1797 1341 1875; x_wconf 82' lang='lat' dir='ltr'>Primus</span> <span class='ocrx_word' id='word_1_111' title='bbox 1367 1797 1484 1874; x_wconf 77' lang='lat' dir='ltr'>abbas</span> <span class='ocrx_word' id='word_1_112' title='bbox 1518 1794 1589 1873; x_wconf 89' lang='lat' dir='ltr'>suit</span> <span class='ocrx_word' id='word_1_113' title='bbox 1614 1792 1743 1870; x_wconf 77' lang='lat' dir='ltr'>Petrus</span> 
     </span>
     <span class='ocr_line' id='line_1_14' title="bbox 199 1895 1741 2001; baseline -0.003 -25"><span class='ocrx_word' id='word_1_114' title='bbox 199 1897 344 2001; x_wconf 84' lang='lat' dir='ltr'>Martyr</span> <span class='ocrx_word' id='word_1_115' title='bbox 369 1900 413 1974; x_wconf 93' lang='lat' dir='ltr'>de</span> <span class='ocrx_word' id='word_1_116' title='bbox 438 1898 621 2000; x_wconf 78' lang='lat' dir='ltr'>Anghiern</span> <span class='ocrx_word' id='word_1_117' title='bbox 646 1899 717 1978; x_wconf 86' lang='lat' dir='ltr'>stve</span> <span class='ocrx_word' id='word_1_118' title='bbox 743 1902 787 1976; x_wconf 90' lang='lat' dir='ltr'>de</span> <span class='ocrx_word' id='word_1_119' title='bbox 813 1901 982 1999; x_wconf 86' lang='lat' dir='ltr'>Angleria</span> <span class='ocrx_word' id='word_1_120' title='bbox 1007 1900 1145 1994; x_wconf 73' lang='lat' dir='ltr'>Italus,</span> <span class='ocrx_word' id='word_1_121' title='bbox 1170 1902 1231 1998; x_wconf 88' lang='lat' dir='ltr'>qui</span> <span class='ocrx_word' id='word_1_122' title='bbox 1259 1919 1383 1978; x_wconf 78' lang='lat' dir='ltr'>temen</span> <span class='ocrx_word' id='word_1_123' title='bbox 1406 1925 1481 1977; x_wconf 91' lang='lat' dir='ltr'>non</span> <span class='ocrx_word' id='word_1_124' title='bbox 1505 1900 1646 1976; x_wconf 89' lang='lat' dir='ltr'>videtur</span> <span class='ocrx_word' id='word_1_125' title='bbox 1670 1895 1741 1972; x_wconf 83' lang='lat' dir='ltr'>Ec·</span> 
     </span>
     <span class='ocr_line' id='line_1_15' title="bbox 200 1993 1741 2102; baseline -0.006 -18"><span class='ocrx_word' id='word_1_126' title='bbox 200 2000 348 2084; x_wconf 75' lang='lat' dir='ltr'>clessam</span> <span class='ocrx_word' id='word_1_127' title='bbox 372 2000 496 2095; x_wconf 83' lang='lat' dir='ltr'>suam,</span> <span class='ocrx_word' id='word_1_128' title='bbox 522 2028 635 2102; x_wconf 85' lang='lat' dir='ltr'>neque</span> <span class='ocrx_word' id='word_1_129' title='bbox 660 2003 807 2080; x_wconf 86' lang='lat' dir='ltr'>Novum</span> <span class='ocrx_word' id='word_1_130' title='bbox 832 2002 969 2081; x_wconf 87' lang='lat' dir='ltr'>Orbem</span> <span class='ocrx_word' id='word_1_131' title='bbox 990 2000 1059 2080; x_wconf 79' lang='lat' dir='ltr'>nlfi</span> <span class='ocrx_word' id='word_1_132' title='bbox 1084 2000 1217 2101; x_wconf 87' lang='lat' dir='ltr'>scriptis</span> <span class='ocrx_word' id='word_1_133' title='bbox 1241 2000 1422 2079; x_wconf 84' lang='lat' dir='ltr'>salutasse.</span> <span class='ocrx_word' id='word_1_134' title='bbox 1447 2002 1524 2079; x_wconf 91' lang='lat' dir='ltr'>Nec</span> <span class='ocrx_word' id='word_1_135' title='bbox 1544 1997 1664 2077; x_wconf 79' lang='lat' dir='ltr'>Abbas</span> <span class='ocrx_word' id='word_1_136' title='bbox 1688 1993 1741 2074; x_wconf 80' lang='lat' dir='ltr'>eil</span> 
     </span>
     <span class='ocr_line' id='line_1_16' title="bbox 200 2096 1742 2204; baseline -0.004 -22"><span class='ocrx_word' id='word_1_137' title='bbox 200 2104 450 2198; x_wconf 80' lang='lat' dir='ltr'>renuntiatus,</span> <span class='ocrx_word' id='word_1_138' title='bbox 478 2103 544 2181; x_wconf 91' lang='lat' dir='ltr'>nist</span> <span class='ocrx_word' id='word_1_139' title='bbox 570 2108 706 2204; x_wconf 79' lang='lat' dir='ltr'>aliquot</span> <span class='ocrx_word' id='word_1_140' title='bbox 732 2105 808 2203; x_wconf 89' lang='lat' dir='ltr'>post</span> <span class='ocrx_word' id='word_1_141' title='bbox 834 2105 994 2183; x_wconf 80' lang='lat' dir='ltr'>Abbatiae</span> <span class='ocrx_word' id='word_1_142' title='bbox 1018 2106 1230 2183; x_wconf 75' lang='lat' dir='ltr'>eteelionem</span> <span class='ocrx_word' id='word_1_143' title='bbox 1257 2107 1381 2199; x_wconf 86' lang='lat' dir='ltr'>annis,</span> <span class='ocrx_word' id='word_1_144' title='bbox 1404 2127 1533 2201; x_wconf 86' lang='lat' dir='ltr'>nempe</span> <span class='ocrx_word' id='word_1_145' title='bbox 1567 2099 1643 2202; x_wconf 91' lang='lat' dir='ltr'>post</span> <span class='ocrx_word' id='word_1_146' title='bbox 1666 2096 1742 2176; x_wconf 81' lang='lat' dir='ltr'>Ca·</span> 
     </span>
     <span class='ocr_line' id='line_1_17' title="bbox 199 2201 1742 2305; baseline -0.001 -25"><span class='ocrx_word' id='word_1_147' title='bbox 199 2208 268 2281; x_wconf 90' lang='lat' dir='ltr'>toli</span> <span class='ocrx_word' id='word_1_148' title='bbox 286 2204 340 2279; x_wconf 79' lang='lat' dir='ltr'>V.</span> <span class='ocrx_word' id='word_1_149' title='bbox 378 2206 416 2279; x_wconf 91' lang='lat' dir='ltr'>in</span> <span class='ocrx_word' id='word_1_150' title='bbox 454 2205 665 2305; x_wconf 81' lang='lat' dir='ltr'>Hispaniam</span> <span class='ocrx_word' id='word_1_151' title='bbox 703 2208 917 2302; x_wconf 83' lang='lat' dir='ltr'>adventum,</span> <span class='ocrx_word' id='word_1_152' title='bbox 944 2228 986 2284; x_wconf 90' lang='lat' dir='ltr'>ut</span> <span class='ocrx_word' id='word_1_153' title='bbox 1011 2205 1117 2284; x_wconf 80' lang='lat' dir='ltr'>refert</span> <span class='ocrx_word' id='word_1_154' title='bbox 1140 2207 1315 2285; x_wconf 80' lang='lat' dir='ltr'>Nicolaus</span> <span class='ocrx_word' id='word_1_155' title='bbox 1349 2207 1571 2295; x_wconf 80' lang='lat' dir='ltr'>Antonius(</span> <span class='ocrx_word' id='word_1_156' title='bbox 1608 2209 1654 2293; x_wconf 75' lang='lat' dir='ltr'>l.</span> <span class='ocrx_word' id='word_1_157' title='bbox 1679 2201 1742 2279; x_wconf 79' lang='lat' dir='ltr'>Au</span> 
     </span>
     <span class='ocr_line' id='line_1_18' title="bbox 198 2301 1740 2411; baseline 0.001 -25"><span class='ocrx_word' id='word_1_158' title='bbox 198 2307 285 2387; x_wconf 76' lang='lat' dir='ltr'>vero</span> <span class='ocrx_word' id='word_1_159' title='bbox 310 2307 384 2399; x_wconf 81' lang='lat' dir='ltr'>jure</span> <span class='ocrx_word' id='word_1_160' title='bbox 410 2309 552 2408; x_wconf 84' lang='lat' dir='ltr'>aliquo,</span> <span class='ocrx_word' id='word_1_161' title='bbox 579 2336 625 2386; x_wconf 84' lang='lat' dir='ltr'>aut</span> <span class='ocrx_word' id='word_1_162' title='bbox 652 2308 727 2388; x_wconf 85' lang='lat' dir='ltr'>sola</span> <span class='ocrx_word' id='word_1_163' title='bbox 752 2312 951 2411; x_wconf 86' lang='lat' dir='ltr'>dignitate,</span> <span class='ocrx_word' id='word_1_164' title='bbox 976 2312 1031 2389; x_wconf 83' lang='lat' dir='ltr'>vel</span> <span class='ocrx_word' id='word_1_165' title='bbox 1056 2312 1204 2388; x_wconf 88' lang='lat' dir='ltr'>nomine</span> <span class='ocrx_word' id='word_1_166' title='bbox 1238 2310 1314 2388; x_wconf 75' lang='lat' dir='ltr'>haeo</span> <span class='ocrx_word' id='word_1_167' title='bbox 1340 2309 1497 2391; x_wconf 82' lang='lat' dir='ltr'>Abbatia</span> <span class='ocrx_word' id='word_1_168' title='bbox 1530 2303 1575 2388; x_wconf 82' lang='lat' dir='ltr'>fit</span> <span class='ocrx_word' id='word_1_169' title='bbox 1598 2301 1740 2387; x_wconf 57' lang='lat' dir='ltr'>institue</span> 
     </span>
     <span class='ocr_line' id='line_1_19' title="bbox 199 2411 663 2510; baseline -0.006 -20"><span class='ocrx_word' id='word_1_170' title='bbox 199 2427 261 2507; x_wconf 79' lang='lat' dir='ltr'>ta,</span> <span class='ocrx_word' id='word_1_171' title='bbox 287 2411 452 2510; x_wconf 85' lang='lat' dir='ltr'>ignotum</span> <span class='ocrx_word' id='word_1_172' title='bbox 475 2413 566 2491; x_wconf 90' lang='lat' dir='ltr'>mihi</span> <span class='ocrx_word' id='word_1_173' title='bbox 591 2411 663 2490; x_wconf 87' lang='lat' dir='ltr'>est.</span> 
     </span>
    </p>
   </div>
   <div class='ocr_carea' id='block_1_5' title="bbox 488 2612 1390 2818">
    <p class='ocr_par' dir='ltr' id='par_1_6' title="bbox 488 2612 1390 2818">
     <span class='ocr_line' id='line_1_20' title="bbox 540 2612 1390 2705; baseline -0.008 -10"><span class='ocrx_word' id='word_1_174' title='bbox 540 2613 1129 2696; x_wconf 86' lang='lat' dir='ltr'>ORDINATIO</span> <span class='ocrx_word' id='word_1_175' title='bbox 1228 2612 1390 2705; x_wconf 81' lang='lat' dir='ltr'>XXVll.</span> 
     </span>
     <span class='ocr_line' id='line_1_21' title="bbox 488 2719 1095 2818; baseline -0.01 -18"><span class='ocrx_word' id='word_1_176' title='bbox 488 2765 495 2779; x_wconf 53' lang='lat' dir='ltr'><strong><em>f</em></strong></span> <span class='ocrx_word' id='word_1_177' title='bbox 843 2719 1095 2818; x_wconf 80' lang='lat' dir='ltr'>Ann01514.</span> 
     </span>
    </p>
   </div>
   <div class='ocr_carea' id='block_1_6' title="bbox 197 2912 1739 3126">
    <p class='ocr_par' dir='ltr' id='par_1_7' title="bbox 197 2912 1739 3126">
     <span class='ocr_line' id='line_1_22' title="bbox 197 2912 1739 3098; baseline -0.008 -95"><span class='ocrx_word' id='word_1_178' title='bbox 197 2919 426 3098; x_wconf 60' lang='lat' dir='ltr'>ERigitur</span> <span class='ocrx_word' id='word_1_179' title='bbox 451 2919 566 3019; x_wconf 79' lang='lat' dir='ltr'>prima</span> <span class='ocrx_word' id='word_1_180' title='bbox 600 2921 639 3039; x_wconf 79' lang='lat' dir='ltr'>in</span> <span class='ocrx_word' id='word_1_181' title='bbox 675 2920 773 3001; x_wconf 88' lang='lat' dir='ltr'>Novi</span> <span class='ocrx_word' id='word_1_182' title='bbox 807 2918 916 3042; x_wconf 75' lang='lat' dir='ltr'>Orbis</span> <span class='ocrx_word' id='word_1_183' title='bbox 953 2924 1159 3000; x_wconf 86' lang='lat' dir='ltr'>continente</span> <span class='ocrx_word' id='word_1_184' title='bbox 1182 2915 1514 3040; x_wconf 27' lang='lat' dir='ltr'>§edeeuepiscoptlit</span> <span class='ocrx_word' id='word_1_185' title='bbox 1549 2912 1739 3034; x_wconf 64' lang='lat' dir='ltr'>Dariensp</span> 
     </span>
     <span class='ocr_line' id='line_1_23' title="bbox 307 3013 1738 3126; baseline -0.003 -28"><span class='ocrx_word' id='word_1_186' title='bbox 307 3049 344 3098; x_wconf 88' lang='lat' dir='ltr'>tn</span> <span class='ocrx_word' id='word_1_187' title='bbox 369 3022 503 3098; x_wconf 79' lang='lat' dir='ltr'>Sansiae</span> <span class='ocrx_word' id='word_1_188' title='bbox 528 3022 656 3099; x_wconf 80' lang='lat' dir='ltr'>Martae</span> <span class='ocrx_word' id='word_1_189' title='bbox 680 3024 775 3099; x_wconf 85' lang='lat' dir='ltr'>dela</span> <span class='ocrx_word' id='word_1_190' title='bbox 800 3033 973 3126; x_wconf 82' lang='lat' dir='ltr'>Anttgua.</span> <span class='ocrx_word' id='word_1_191' title='bbox 999 3023 1076 3104; x_wconf 89' lang='lat' dir='ltr'>Etsr</span> <span class='ocrx_word' id='word_1_192' title='bbox 1101 3042 1317 3100; x_wconf 75' lang='lat' dir='ltr'>continentis</span> <span class='ocrx_word' id='word_1_193' title='bbox 1342 3047 1420 3121; x_wconf 85' lang='lat' dir='ltr'>pars</span> <span class='ocrx_word' id='word_1_194' title='bbox 1448 3019 1494 3094; x_wconf 88' lang='lat' dir='ltr'>ad</span> <span class='ocrx_word' id='word_1_195' title='bbox 1519 3044 1582 3094; x_wconf 86' lang='lat' dir='ltr'>ora</span> <span class='ocrx_word' id='word_1_196' title='bbox 1609 3013 1738 3093; x_wconf 75' lang='lat' dir='ltr'>flumi-</span> 
     </span>
    </p>
   </div>
   <div class='ocr_carea' id='block_1_7' title="bbox 69 3117 1739 3533">
    <p class='ocr_par' dir='ltr' id='par_1_8' title="bbox 195 3117 1735 3227">
     <span class='ocr_line' id='line_1_24' title="bbox 195 3117 1735 3227; baseline -0.005 -26"><span class='ocrx_word' id='word_1_197' title='bbox 195 3125 252 3201; x_wconf 85' lang='lat' dir='ltr'>nis</span> <span class='ocrx_word' id='word_1_198' title='bbox 275 3121 427 3200; x_wconf 91' lang='lat' dir='ltr'>Orinoci</span> <span class='ocrx_word' id='word_1_199' title='bbox 451 3125 526 3216; x_wconf 85' lang='lat' dir='ltr'>jam</span> <span class='ocrx_word' id='word_1_200' title='bbox 551 3148 628 3203; x_wconf 88' lang='lat' dir='ltr'>erat</span> <span class='ocrx_word' id='word_1_201' title='bbox 653 3127 808 3203; x_wconf 83' lang='lat' dir='ltr'>obnoxia</span> <span class='ocrx_word' id='word_1_202' title='bbox 833 3126 1010 3227; x_wconf 86' lang='lat' dir='ltr'>Episcopo</span> <span class='ocrx_word' id='word_1_203' title='bbox 1034 3127 1153 3205; x_wconf 80' lang='lat' dir='ltr'>Sansli</span> <span class='ocrx_word' id='word_1_204' title='bbox 1178 3123 1326 3223; x_wconf 87' lang='lat' dir='ltr'>Joannis</span> <span class='ocrx_word' id='word_1_205' title='bbox 1351 3125 1389 3198; x_wconf 85' lang='lat' dir='ltr'>de</span> <span class='ocrx_word' id='word_1_206' title='bbox 1424 3129 1544 3198; x_wconf 85' lang='lat' dir='ltr'>Puerto</span> <span class='ocrx_word' id='word_1_207' title='bbox 1570 3120 1676 3211; x_wconf 87' lang='lat' dir='ltr'>Rico,</span> <span class='ocrx_word' id='word_1_208' title='bbox 1704 3117 1735 3194; x_wconf 89' lang='lat' dir='ltr'>st</span> 
     </span>
    </p>

    <p class='ocr_par' dir='ltr' id='par_1_9' title="bbox 69 3219 1739 3533">
     <span class='ocr_line' id='line_1_25' title="bbox 69 3219 1732 3323; baseline -0.002 -22"><span class='ocrx_word' id='word_1_209' title='bbox 69 3264 73 3279; x_wconf 50' lang='grc' dir='ltr'>ι</span> <span class='ocrx_word' id='word_1_210' title='bbox 192 3224 356 3302; x_wconf 84' lang='lat' dir='ltr'>extensro</span> <span class='ocrx_word' id='word_1_211' title='bbox 387 3226 631 3313; x_wconf 78' lang='lat' dir='ltr'>imisdislionis</span> <span class='ocrx_word' id='word_1_212' title='bbox 665 3231 757 3306; x_wconf 79' lang='lat' dir='ltr'>illius</span> <span class='ocrx_word' id='word_1_213' title='bbox 794 3230 840 3305; x_wconf 87' lang='lat' dir='ltr'>ad</span> <span class='ocrx_word' id='word_1_214' title='bbox 876 3227 1084 3308; x_wconf 84' lang='lat' dir='ltr'>Cumanam</span> <span class='ocrx_word' id='word_1_215' title='bbox 1109 3236 1146 3308; x_wconf 78' lang='grc' dir='ltr'>ὃ(</span> <span class='ocrx_word' id='word_1_216' title='bbox 1170 3229 1422 3322; x_wconf 78' lang='lat' dir='ltr'>Guaymam,</span> <span class='ocrx_word' id='word_1_217' title='bbox 1450 3227 1493 3299; x_wconf 90' lang='lat' dir='ltr'>de</span> <span class='ocrx_word' id='word_1_218' title='bbox 1517 3248 1587 3323; x_wconf 87' lang='lat' dir='ltr'>qua</span> <span class='ocrx_word' id='word_1_219' title='bbox 1623 3219 1732 3318; x_wconf 77' lang='lat' dir='ltr'>supra</span> 
     </span>
     <span class='ocr_line' id='line_1_26' title="bbox 194 3322 1739 3434; baseline -0.003 -28"><span class='ocrx_word' id='word_1_220' title='bbox 194 3325 287 3406; x_wconf 90' lang='lat' dir='ltr'>Ord.</span> <span class='ocrx_word' id='word_1_221' title='bbox 314 3328 475 3422; x_wconf 86' lang='lat' dir='ltr'>XXIV.‚</span> <span class='ocrx_word' id='word_1_222' title='bbox 500 3355 576 3406; x_wconf 90' lang='lat' dir='ltr'>non</span> <span class='ocrx_word' id='word_1_223' title='bbox 600 3329 668 3408; x_wconf 89' lang='lat' dir='ltr'>suit</span> <span class='ocrx_word' id='word_1_224' title='bbox 692 3330 911 3434; x_wconf 77' lang='lat' dir='ltr'>episcopatdt</span> <span class='ocrx_word' id='word_1_225' title='bbox 935 3334 1111 3410; x_wconf 77' lang='lat' dir='ltr'>ereslione</span> <span class='ocrx_word' id='word_1_226' title='bbox 1135 3328 1327 3430; x_wconf 87' lang='lat' dir='ltr'>posterior.</span> <span class='ocrx_word' id='word_1_227' title='bbox 1354 3326 1526 3405; x_wconf 83' lang='lat' dir='ltr'>Meminit</span> <span class='ocrx_word' id='word_1_228' title='bbox 1547 3322 1739 3418; x_wconf 81' lang='lat' dir='ltr'>Hetrere,</span> 
     </span>
     <span class='ocr_line' id='line_1_27' title="bbox 194 3424 1519 3533; baseline 0.002 -26"><span class='ocrx_word' id='word_1_229' title='bbox 194 3424 348 3514; x_wconf 76' lang='lat' dir='ltr'>Decede</span> <span class='ocrx_word' id='word_1_230' title='bbox 376 3453 410 3505; x_wconf 88' lang='lat'>1.</span> <span class='ocrx_word' id='word_1_231' title='bbox 436 3432 495 3508; x_wconf 89' lang='lat' dir='ltr'>lib.</span> <span class='ocrx_word' id='word_1_232' title='bbox 525 3457 584 3511; x_wconf 89' lang='lat' dir='ltr'>to.</span> <span class='ocrx_word' id='word_1_233' title='bbox 612 3459 689 3532; x_wconf 88' lang='lat' dir='ltr'>cap.</span> <span class='ocrx_word' id='word_1_234' title='bbox 716 3456 753 3533; x_wconf 84' lang='lat'>7.</span> <span class='ocrx_word' id='word_1_235' title='bbox 828 3471 831 3475; x_wconf 26' lang='lat' dir='ltr'>v</span> <span class='ocrx_word' id='word_1_236' title='bbox 994 3497 1001 3507; x_wconf 94' lang='lat'>.</span> <span class='ocrx_word' id='word_1_237' title='bbox 1517 3476 1519 3481; x_wconf 94' lang='lat'>·</span> 
     </span>
    </p>
   </div>
   <div class='ocr_carea' id='block_1_8' title="bbox 529 3631 1397 3720">
    <p class='ocr_par' dir='ltr' id='par_1_10' title="bbox 529 3631 1397 3720">
     <span class='ocr_line' id='line_1_28' title="bbox 529 3631 1397 3720; baseline -0.001 -10"><span class='ocrx_word' id='word_1_238' title='bbox 529 3631 1117 3720; x_wconf 80' lang='lat' dir='ltr'>ORDINATIO</span> <span class='ocrx_word' id='word_1_239' title='bbox 1178 3631 1397 3719; x_wconf 64' lang='lat' dir='ltr'>&#39;201an</span> 
     </span>
    </p>
   </div>
   <div class='ocr_carea' id='block_1_9' title="bbox 183 3832 1739 4844">
    <p class='ocr_par' dir='ltr' id='par_1_11' title="bbox 183 3832 1739 4828">
     <span class='ocr_line' id='line_1_29' title="bbox 194 3832 1734 4017; baseline -0.005 -100"><span class='ocrx_word' id='word_1_240' title='bbox 194 3832 336 4017; x_wconf 86' lang='lat' dir='ltr'>LEo</span> <span class='ocrx_word' id='word_1_241' title='bbox 359 3835 407 3917; x_wconf 87' lang='lat' dir='ltr'>X.</span> <span class='ocrx_word' id='word_1_242' title='bbox 432 3837 613 3941; x_wconf 81' lang='lat' dir='ltr'>privilegia</span> <span class='ocrx_word' id='word_1_243' title='bbox 638 3844 798 3945; x_wconf 73' lang='lat' dir='ltr'>quedem</span> <span class='ocrx_word' id='word_1_244' title='bbox 823 3839 991 3921; x_wconf 75' lang='lat' dir='ltr'>conceffit</span> <span class='ocrx_word' id='word_1_245' title='bbox 1016 3843 1132 3941; x_wconf 88' lang='lat' dir='ltr'>primo</span> <span class='ocrx_word' id='word_1_246' title='bbox 1155 3838 1324 3926; x_wconf 80' lang='lat' dir='ltr'>Datiertis</span> <span class='ocrx_word' id='word_1_247' title='bbox 1348 3834 1525 3939; x_wconf 89' lang='lat' dir='ltr'>Episcopo</span> <span class='ocrx_word' id='word_1_248' title='bbox 1550 3832 1607 3911; x_wconf 83' lang='lat'>111.</span> <span class='ocrx_word' id='word_1_249' title='bbox 1619 3833 1734 3932; x_wconf 85' lang='lat' dir='ltr'>Joan·</span> 
     </span>
     <span class='ocr_line' id='line_1_30' title="bbox 303 3934 1739 4043; baseline -0.002 -28"><span class='ocrx_word' id='word_1_250' title='bbox 303 3940 342 4017; x_wconf 94' lang='lat' dir='ltr'>ni</span> <span class='ocrx_word' id='word_1_251' title='bbox 366 3936 538 4039; x_wconf 80' lang='lat' dir='ltr'>Qtevedo</span> <span class='ocrx_word' id='word_1_252' title='bbox 563 3947 649 4024; x_wconf 78' lang='lat' dir='ltr'>aliis</span> <span class='ocrx_word' id='word_1_253' title='bbox 673 3947 842 4025; x_wconf 83' lang='lat' dir='ltr'>Cavedo.</span> <span class='ocrx_word' id='word_1_254' title='bbox 879 3946 949 4024; x_wconf 87' lang='lat' dir='ltr'>Sed</span> <span class='ocrx_word' id='word_1_255' title='bbox 976 3948 1035 4023; x_wconf 82' lang='lat' dir='ltr'>illa</span> <span class='ocrx_word' id='word_1_256' title='bbox 1060 3968 1289 4043; x_wconf 85' lang='lat' dir='ltr'>quaecumque</span> <span class='ocrx_word' id='word_1_257' title='bbox 1324 3939 1414 4034; x_wconf 81' lang='lat' dir='ltr'>fior,</span> <span class='ocrx_word' id='word_1_258' title='bbox 1440 3937 1583 4016; x_wconf 89' lang='lat' dir='ltr'>suerunt</span> <span class='ocrx_word' id='word_1_259' title='bbox 1620 3934 1739 4036; x_wconf 83' lang='lat' dir='ltr'>perso·</span> 
     </span>
     <span class='ocr_line' id='line_1_31' title="bbox 195 4039 1736 4150; baseline -0.005 -31"><span class='ocrx_word' id='word_1_260' title='bbox 195 4042 319 4136; x_wconf 75' lang='lat' dir='ltr'>natta,</span> <span class='ocrx_word' id='word_1_261' title='bbox 345 4064 385 4122; x_wconf 90' lang='lat' dir='ltr'>ut</span> <span class='ocrx_word' id='word_1_262' title='bbox 410 4042 482 4122; x_wconf 88' lang='lat' dir='ltr'>srtte</span> <span class='ocrx_word' id='word_1_263' title='bbox 506 4046 688 4145; x_wconf 88' lang='lat' dir='ltr'>dispendio</span> <span class='ocrx_word' id='word_1_264' title='bbox 712 4047 974 4150; x_wconf 82' lang='lat' dir='ltr'>disparuerint.</span> <span class='ocrx_word' id='word_1_265' title='bbox 1011 4045 1138 4125; x_wconf 82' lang='lat' dir='ltr'>Refert</span> <span class='ocrx_word' id='word_1_266' title='bbox 1164 4046 1219 4121; x_wconf 80' lang='lat' dir='ltr'>Fr.</span> <span class='ocrx_word' id='word_1_267' title='bbox 1247 4042 1449 4121; x_wconf 83' lang='lat' dir='ltr'>Franciscus</span> <span class='ocrx_word' id='word_1_268' title='bbox 1473 4041 1569 4118; x_wconf 88' lang='lat' dir='ltr'>Diaz</span> <span class='ocrx_word' id='word_1_269' title='bbox 1606 4039 1646 4114; x_wconf 93' lang='lat' dir='ltr'>in</span> <span class='ocrx_word' id='word_1_270' title='bbox 1668 4043 1736 4114; x_wconf 80' lang='lat' dir='ltr'>Re·</span> 
     </span>
     <span class='ocr_line' id='line_1_32' title="bbox 194 4139 1733 4245; baseline -0.004 -27"><span class='ocrx_word' id='word_1_271' title='bbox 194 4143 317 4218; x_wconf 72' lang='lat' dir='ltr'>latione</span> <span class='ocrx_word' id='word_1_272' title='bbox 340 4145 526 4237; x_wconf 79' lang='lat' dir='ltr'>Mifflonum</span> <span class='ocrx_word' id='word_1_273' title='bbox 550 4151 724 4227; x_wconf 80' lang='lat' dir='ltr'>Indiarum</span> <span class='ocrx_word' id='word_1_274' title='bbox 747 4153 995 4225; x_wconf 84' lang='lat' dir='ltr'>occidentalium</span> <span class='ocrx_word' id='word_1_275' title='bbox 1020 4151 1113 4245; x_wconf 88' lang='lat' dir='ltr'>apud</span> <span class='ocrx_word' id='word_1_276' title='bbox 1138 4146 1194 4225; x_wconf 89' lang='lat' dir='ltr'>Fr.</span> <span class='ocrx_word' id='word_1_277' title='bbox 1220 4147 1459 4226; x_wconf 81' lang='lat' dir='ltr'>Dominicum</span> <span class='ocrx_word' id='word_1_278' title='bbox 1474 4139 1628 4230; x_wconf 80' lang='lat' dir='ltr'>Lolsadt</span> <span class='ocrx_word' id='word_1_279' title='bbox 1655 4145 1733 4230; x_wconf 86' lang='lat'>().</span> 
     </span>
     <span class='ocr_line' id='line_1_33' title="bbox 195 4238 1734 4345; baseline -0.001 -27"><span class='ocrx_word' id='word_1_280' title='bbox 195 4238 319 4318; x_wconf 86' lang='lat' dir='ltr'>Etiam</span> <span class='ocrx_word' id='word_1_281' title='bbox 344 4242 517 4337; x_wconf 84' lang='lat' dir='ltr'>Praelat0‚</span> <span class='ocrx_word' id='word_1_282' title='bbox 553 4251 612 4323; x_wconf 89' lang='lat' dir='ltr'>cui</span> <span class='ocrx_word' id='word_1_283' title='bbox 645 4249 874 4345; x_wconf 82' lang='lat' dir='ltr'>personaliter</span> <span class='ocrx_word' id='word_1_284' title='bbox 908 4249 1065 4327; x_wconf 83' lang='lat' dir='ltr'>concessa</span> <span class='ocrx_word' id='word_1_285' title='bbox 1089 4251 1192 4342; x_wconf 87' lang='lat' dir='ltr'>suut,</span> <span class='ocrx_word' id='word_1_286' title='bbox 1229 4243 1373 4325; x_wconf 85' lang='lat' dir='ltr'>defuisse</span> <span class='ocrx_word' id='word_1_287' title='bbox 1399 4266 1535 4344; x_wconf 81' lang='lat' dir='ltr'>tempus</span> <span class='ocrx_word' id='word_1_288' title='bbox 1571 4243 1734 4332; x_wconf 88' lang='lat' dir='ltr'>utendi,</span> 
     </span>
     <span class='ocr_line' id='line_1_34' title="bbox 198 4341 1732 4447; baseline -0.001 -28"><span class='ocrx_word' id='word_1_289' title='bbox 198 4341 294 4419; x_wconf 80' lang='lat' dir='ltr'>testis</span> <span class='ocrx_word' id='word_1_290' title='bbox 316 4342 366 4420; x_wconf 90' lang='lat' dir='ltr'>est</span> <span class='ocrx_word' id='word_1_291' title='bbox 391 4343 461 4444; x_wconf 92' lang='lat' dir='ltr'>ipse</span> <span class='ocrx_word' id='word_1_292' title='bbox 487 4347 525 4423; x_wconf 89' lang='lat' dir='ltr'>iu</span> <span class='ocrx_word' id='word_1_293' title='bbox 549 4347 804 4447; x_wconf 82' lang='lat' dir='ltr'>disceptatione</span> <span class='ocrx_word' id='word_1_294' title='bbox 826 4351 950 4429; x_wconf 86' lang='lat' dir='ltr'>habita</span> <span class='ocrx_word' id='word_1_295' title='bbox 986 4377 1110 4430; x_wconf 85' lang='lat' dir='ltr'>coram</span> <span class='ocrx_word' id='word_1_296' title='bbox 1135 4349 1272 4428; x_wconf 74' lang='lat' dir='ltr'>Cesare</span> <span class='ocrx_word' id='word_1_297' title='bbox 1297 4373 1380 4426; x_wconf 85' lang='lat' dir='ltr'>cum</span> <span class='ocrx_word' id='word_1_298' title='bbox 1414 4348 1472 4421; x_wconf 88' lang='lat' dir='ltr'>lic.</span> <span class='ocrx_word' id='word_1_299' title='bbox 1499 4345 1612 4422; x_wconf 81' lang='lat' dir='ltr'>Casas</span> <span class='ocrx_word' id='word_1_300' title='bbox 1636 4368 1732 4420; x_wconf 89' lang='lat' dir='ltr'>uon-</span> 
     </span>
     <span class='ocr_line' id='line_1_35' title="bbox 183 4440 1734 4553; baseline 0.003 -32"><span class='ocrx_word' id='word_1_301' title='bbox 183 4444 283 4551; x_wconf 91' lang='lat' dir='ltr'>dum</span> <span class='ocrx_word' id='word_1_302' title='bbox 308 4440 481 4546; x_wconf 79' lang='lat' dir='ltr'>Episcopo</span> <span class='ocrx_word' id='word_1_303' title='bbox 505 4447 698 4548; x_wconf 83' lang='lat' dir='ltr'>Chiapensr</span> <span class='ocrx_word' id='word_1_304' title='bbox 722 4452 824 4553; x_wconf 90' lang='lat' dir='ltr'>super</span> <span class='ocrx_word' id='word_1_305' title='bbox 840 4453 1021 4530; x_wconf 66' lang='lat' dir='ltr'>indorum</span> <span class='ocrx_word' id='word_1_306' title='bbox 1056 4454 1286 4545; x_wconf 88' lang='lat' dir='ltr'>conditione,</span> <span class='ocrx_word' id='word_1_307' title='bbox 1324 4472 1432 4550; x_wconf 84' lang='lat' dir='ltr'>quam</span> <span class='ocrx_word' id='word_1_308' title='bbox 1458 4445 1566 4526; x_wconf 89' lang='lat' dir='ltr'>resert</span> <span class='ocrx_word' id='word_1_309' title='bbox 1601 4445 1734 4525; x_wconf 79' lang='lat' dir='ltr'>Herre·</span> 
     </span>
     <span class='ocr_line' id='line_1_36' title="bbox 196 4547 1734 4655; baseline 0.001 -32"><span class='ocrx_word' id='word_1_310' title='bbox 196 4569 237 4623; x_wconf 78' lang='lat' dir='ltr'>te</span> <span class='ocrx_word' id='word_1_311' title='bbox 273 4551 363 4639; x_wconf 83' lang='lat' dir='ltr'>(c).</span> <span class='ocrx_word' id='word_1_312' title='bbox 402 4547 531 4627; x_wconf 74' lang='lat' dir='ltr'>laisla</span> <span class='ocrx_word' id='word_1_313' title='bbox 569 4550 616 4631; x_wconf 85' lang='lat' dir='ltr'>ste</span> <span class='ocrx_word' id='word_1_314' title='bbox 641 4553 756 4646; x_wconf 71' lang='lat' dir='ltr'>ajebat</span> <span class='ocrx_word' id='word_1_315' title='bbox 792 4555 1016 4655; x_wconf 84' lang='lat' dir='ltr'>Episcopus:</span> <span class='ocrx_word' id='word_1_316' title='bbox 1055 4559 1100 4636; x_wconf 88' lang='lat' dir='ltr'>El</span> <span class='ocrx_word' id='word_1_317' title='bbox 1123 4556 1189 4631; x_wconf 82' lang='lat' dir='ltr'>Rei</span> <span class='ocrx_word' id='word_1_318' title='bbox 1221 4559 1252 4630; x_wconf 80' lang='lat' dir='ltr'><em>C</em></span> <span class='ocrx_word' id='word_1_319' title='bbox 1252 4554 1392 4630; x_wconf 72' lang='lat' dir='ltr'>athalico</span> <span class='ocrx_word' id='word_1_320' title='bbox 1415 4550 1569 4628; x_wconf 75' lang='lat' dir='ltr'>&#39;vuestro</span> <span class='ocrx_word' id='word_1_321' title='bbox 1601 4547 1734 4625; x_wconf 79' lang='lat' dir='ltr'>avuelo</span> 
     </span>
     <span class='ocr_line' id='line_1_37' title="bbox 194 4649 1732 4828; baseline 0 -103"><span class='ocrx_word' id='word_1_322' title='bbox 194 4652 332 4731; x_wconf 80' lang='lat' dir='ltr'>mendo</span> <span class='ocrx_word' id='word_1_323' title='bbox 367 4649 475 4731; x_wconf 83' lang='lat' dir='ltr'>hacer</span> <span class='ocrx_word' id='word_1_324' title='bbox 500 4677 573 4732; x_wconf 80' lang='lat' dir='ltr'>unt</span> <span class='ocrx_word' id='word_1_325' title='bbox 607 4658 788 4752; x_wconf 77' lang='lat' dir='ltr'>amada,</span> <span class='ocrx_word' id='word_1_326' title='bbox 814 4684 900 4759; x_wconf 83' lang='lat' dir='ltr'>para</span> <span class='ocrx_word' id='word_1_327' title='bbox 925 4660 956 4736; x_wconf 91' lang='lat' dir='ltr'>ir</span> <span class='ocrx_word' id='word_1_328' title='bbox 994 4659 1164 4762; x_wconf 75' lang='lat' dir='ltr'>spoblar</span> <span class='ocrx_word' id='word_1_329' title='bbox 1190 4656 1226 4760; x_wconf 86' lang='lat' dir='ltr'>la</span> <span class='ocrx_word' id='word_1_330' title='bbox 1254 4658 1361 4735; x_wconf 81' lang='lat' dir='ltr'>tierrt</span> <span class='ocrx_word' id='word_1_331' title='bbox 1385 4650 1488 4731; x_wconf 86' lang='lat' dir='ltr'>firme</span> <span class='ocrx_word' id='word_1_332' title='bbox 1512 4653 1556 4729; x_wconf 93' lang='lat' dir='ltr'>de</span> <span class='ocrx_word' id='word_1_333' title='bbox 1580 4652 1644 4828; x_wconf 53' lang='lat' dir='ltr'>pas</span> <span class='ocrx_word' id='word_1_334' title='bbox 1671 4649 1732 4725; x_wconf 87' lang='lat' dir='ltr'>In·</span> 
     </span>
    </p>

    <p class='ocr_par' dir='ltr' id='par_1_12' title="bbox 1606 4776 1733 4844">
     <span class='ocr_line' id='line_1_38' title="bbox 1606 4776 1733 4844; baseline -0.024 -16"><span class='ocrx_word' id='word_1_335' title='bbox 1606 4776 1680 4844; x_wconf 82' lang='lat' dir='ltr'>tat,</span> <span class='ocrx_word' id='word_1_336' title='bbox 1728 4791 1733 4800; x_wconf 78' lang='lat'><em>=</em></span> 
     </span>
    </p>
   </div>
   <div class='ocr_carea' id='block_1_10' title="bbox 191 4967 1652 5168">
    <p class='ocr_par' dir='ltr' id='par_1_13' title="bbox 191 4967 1652 5168">
     <span class='ocr_line' id='line_1_39' title="bbox 236 4967 1573 5128; baseline -0.007 -56"><span class='ocrx_word' id='word_1_337' title='bbox 236 4967 295 5072; x_wconf 81' lang='lat' dir='ltr'>&lt;al</span> <span class='ocrx_word' id='word_1_338' title='bbox 314 5008 376 5063; x_wconf 71' lang='lat' dir='ltr'>Nic.</span> <span class='ocrx_word' id='word_1_339' title='bbox 394 5011 471 5066; x_wconf 66' lang='lat' dir='ltr'>aaa.</span> <span class='ocrx_word' id='word_1_340' title='bbox 488 5010 622 5077; x_wconf 68' lang='lat' dir='ltr'>amnt.</span> <span class='ocrx_word' id='word_1_341' title='bbox 649 5010 690 5070; x_wconf 71' lang='lat' dir='ltr'>aa</span> <span class='ocrx_word' id='word_1_342' title='bbox 718 5008 847 5071; x_wconf 71' lang='lat' dir='ltr'>uittae.</span> <span class='ocrx_word' id='word_1_343' title='bbox 865 5004 968 5128; x_wconf 59' lang='lat' dir='ltr'>uon!</span> <span class='ocrx_word' id='word_1_344' title='bbox 1023 5007 1083 5080; x_wconf 77' lang='lat' dir='ltr'>(t)</span> <span class='ocrx_word' id='word_1_345' title='bbox 1102 5009 1220 5083; x_wconf 65' lang='lat' dir='ltr'>urata</span> <span class='ocrx_word' id='word_1_346' title='bbox 1239 5008 1363 5069; x_wconf 70' lang='lat' dir='ltr'>cernat.</span> <span class='ocrx_word' id='word_1_347' title='bbox 1384 5008 1489 5067; x_wconf 66' lang='lat' dir='ltr'>rrtvtt.</span> <span class='ocrx_word' id='word_1_348' title='bbox 1508 5003 1573 5065; x_wconf 78' lang='lat' dir='ltr'>nt.</span> 
     </span>
     <span class='ocr_line' id='line_1_40' title="bbox 191 5086 1652 5168; baseline 0.009 -32"><span class='ocrx_word' id='word_1_349' title='bbox 191 5086 259 5142; x_wconf 71' lang='lat' dir='ltr'>lom·</span> <span class='ocrx_word' id='word_1_350' title='bbox 282 5100 308 5136; x_wconf 83' lang='lat' dir='ltr'>a.</span> <span class='ocrx_word' id='word_1_351' title='bbox 325 5099 391 5154; x_wconf 67' lang='lat' dir='ltr'>pag.</span> <span class='ocrx_word' id='word_1_352' title='bbox 411 5104 479 5155; x_wconf 73' lang='lat'>3³7·</span> <span class='ocrx_word' id='word_1_353' title='bbox 956 5132 966 5168; x_wconf 72' lang='grc'><strong>,</strong></span> <span class='ocrx_word' id='word_1_354' title='bbox 1022 5087 1078 5162; x_wconf 83' lang='lat' dir='ltr'>(c)</span> <span class='ocrx_word' id='word_1_355' title='bbox 1096 5091 1177 5151; x_wconf 77' lang='lat' dir='ltr'>sserr·</span> <span class='ocrx_word' id='word_1_356' title='bbox 1195 5091 1273 5152; x_wconf 74' lang='lat' dir='ltr'>D-e.</span> <span class='ocrx_word' id='word_1_357' title='bbox 1289 5089 1349 5157; x_wconf 53' lang='lat' dir='ltr'>sq·</span> <span class='ocrx_word' id='word_1_358' title='bbox 1368 5103 1543 5158; x_wconf 63' lang='lat' dir='ltr'>cap-emm</span> <span class='ocrx_word' id='word_1_359' title='bbox 1563 5096 1652 5149; x_wconf 75' lang='lat'>¹5¹5·</span> 
     </span>
    </p>
   </div>
   <div class='ocr_carea' id='block_1_11' title="bbox 0 0 1936 5686">
    <p class='ocr_par' dir='ltr' id='par_1_14' title="bbox 0 0 1936 5686">
     <span class='ocr_line' id='line_1_41' title="bbox 0 0 1936 5686; baseline 0 0"><span class='ocrx_word' id='word_1_360' title='bbox 0 0 1936 5686; x_wconf 95' lang='lat' dir='ltr'> </span> 
     </span>
    </p>
   </div>
  </div>
 </body>
</html>
