<?xml version="1.0" encoding="UTF-8"?>
<!DOCTYPE html PUBLIC "-//W3C//DTD XHTML 1.0 Transitional//EN"
    "http://www.w3.org/TR/xhtml1/DTD/xhtml1-transitional.dtd">
<html xmlns="http://www.w3.org/1999/xhtml" xml:lang="en" lang="en">
 <head>
  <title>
</title>
<meta http-equiv="Content-Type" content="text/html;charset=utf-8" />
  <meta name='ocr-system' content='tesseract 3.04.00' />
  <meta name='ocr-capabilities' content='ocr_page ocr_carea ocr_par ocr_line ocrx_word'/>
</head>
<body>
  <div class='ocr_page' id='page_1' title='image "./fastinoviorbise00moregoog_0315.png"; bbox 0 0 3864 5686; ppageno 0'>
   <div class='ocr_carea' id='block_1_1' title="bbox 571 295 1281 413">
    <p class='ocr_par' dir='ltr' id='par_1_1' title="bbox 571 295 1281 413">
     <span class='ocr_line' id='line_1_1' title="bbox 571 295 1281 413; baseline 0.006 -40"><span class='ocrx_word' id='word_1_1' title='bbox 571 364 577 373; x_wconf 81' lang='lat'><em>.</em></span> <span class='ocrx_word' id='word_1_2' title='bbox 696 295 1281 413; x_wconf 76' lang='lat' dir='ltr'>orntuartouus</span> 
     </span>
    </p>
   </div>
   <div class='ocr_carea' id='block_1_2' title="bbox 471 506 1294 642">
    <p class='ocr_par' dir='ltr' id='par_1_2' title="bbox 471 506 1294 642">
     <span class='ocr_line' id='line_1_2' title="bbox 471 506 1294 642; baseline 0.002 -24"><span class='ocrx_word' id='word_1_3' title='bbox 471 506 1294 642; x_wconf 37' lang='lat' dir='ltr'>w*narrantia</span> 
     </span>
    </p>
   </div>
   <div class='ocr_carea' id='block_1_3' title="bbox 196 744 1710 1888">
    <p class='ocr_par' dir='ltr' id='par_1_3' title="bbox 196 744 1710 1888">
     <span class='ocr_line' id='line_1_3' title="bbox 198 744 1708 939; baseline -0.005 -103"><span class='ocrx_word' id='word_1_4' title='bbox 198 757 277 939; x_wconf 80' lang='lat' dir='ltr'>IN</span> <span class='ocrx_word' id='word_1_5' title='bbox 302 750 542 854; x_wconf 87' lang='lat' dir='ltr'>Paraguaria,</span> <span class='ocrx_word' id='word_1_6' title='bbox 565 773 643 930; x_wconf 63' lang='lat' dir='ltr'>gua</span> <span class='ocrx_word' id='word_1_7' title='bbox 669 776 749 850; x_wconf 85' lang='lat' dir='ltr'>pars</span> <span class='ocrx_word' id='word_1_8' title='bbox 774 749 825 827; x_wconf 90' lang='lat' dir='ltr'>est</span> <span class='ocrx_word' id='word_1_9' title='bbox 850 748 1043 829; x_wconf 79' lang='lat' dir='ltr'>Provincia</span> <span class='ocrx_word' id='word_1_10' title='bbox 1067 748 1239 828; x_wconf 84' lang='lat' dir='ltr'>Platensu</span> <span class='ocrx_word' id='word_1_11' title='bbox 1266 751 1288 827; x_wconf 75' lang='lat' dir='ltr'>a</span> <span class='ocrx_word' id='word_1_12' title='bbox 1324 745 1480 828; x_wconf 88' lang='lat' dir='ltr'>Limana</span> <span class='ocrx_word' id='word_1_13' title='bbox 1516 744 1708 829; x_wconf 86' lang='lat' dir='ltr'>dismembr</span> 
     </span>
     <span class='ocr_line' id='line_1_4' title="bbox 236 852 1709 953; baseline -0.006 -16"><span class='ocrx_word' id='word_1_14' title='bbox 236 882 334 953; x_wconf 79' lang='lat' dir='ltr'>ta,</span> <span class='ocrx_word' id='word_1_15' title='bbox 361 857 539 953; x_wconf 82' lang='lat' dir='ltr'>&amp;Regni</span> <span class='ocrx_word' id='word_1_16' title='bbox 594 858 717 931; x_wconf 88' lang='lat' dir='ltr'>emani</span> <span class='ocrx_word' id='word_1_17' title='bbox 744 880 822 953; x_wconf 83' lang='lat' dir='ltr'>pars</span> <span class='ocrx_word' id='word_1_18' title='bbox 847 857 975 931; x_wconf 90' lang='lat' dir='ltr'>ultima</span> <span class='ocrx_word' id='word_1_19' title='bbox 1014 855 1061 932; x_wconf 89' lang='lat' dir='ltr'>ad</span> <span class='ocrx_word' id='word_1_20' title='bbox 1086 859 1287 949; x_wconf 85' lang='lat' dir='ltr'>orientem,</span> <span class='ocrx_word' id='word_1_21' title='bbox 1314 854 1521 933; x_wconf 81' lang='lat' dir='ltr'>maturabat</span> <span class='ocrx_word' id='word_1_22' title='bbox 1558 852 1709 932; x_wconf 79' lang='lat' dir='ltr'>Dioeces</span> 
     </span>
     <span class='ocr_line' id='line_1_5' title="bbox 196 955 1710 1060; baseline -0.008 -16"><span class='ocrx_word' id='word_1_23' title='bbox 196 989 264 1045; x_wconf 84' lang='lat' dir='ltr'>nus</span> <span class='ocrx_word' id='word_1_24' title='bbox 289 964 403 1038; x_wconf 76' lang='lat' dir='ltr'>clieta</span> <span class='ocrx_word' id='word_1_25' title='bbox 428 961 591 1060; x_wconf 86' lang='lat' dir='ltr'>quaedam</span> <span class='ocrx_word' id='word_1_26' title='bbox 617 984 680 1057; x_wconf 87' lang='lat' dir='ltr'>pro</span> <span class='ocrx_word' id='word_1_27' title='bbox 706 957 934 1034; x_wconf 84' lang='lat' dir='ltr'>reformanda</span> <span class='ocrx_word' id='word_1_28' title='bbox 961 957 1115 1035; x_wconf 83' lang='lat' dir='ltr'>ecclestae</span> <span class='ocrx_word' id='word_1_29' title='bbox 1141 958 1203 1035; x_wconf 88' lang='lat' dir='ltr'>fibi</span> <span class='ocrx_word' id='word_1_30' title='bbox 1230 960 1421 1036; x_wconf 86' lang='lat' dir='ltr'>commissae</span> <span class='ocrx_word' id='word_1_31' title='bbox 1456 955 1641 1056; x_wconf 80' lang='lat' dir='ltr'>disciplina</span> <span class='ocrx_word' id='word_1_32' title='bbox 1677 957 1710 1032; x_wconf 91' lang='lat' dir='ltr'>ci</span> 
     </span>
     <span class='ocr_line' id='line_1_6' title="bbox 197 1061 1709 1162; baseline -0.006 -17"><span class='ocrx_word' id='word_1_33' title='bbox 197 1094 241 1146; x_wconf 91' lang='lat' dir='ltr'>ca</span> <span class='ocrx_word' id='word_1_34' title='bbox 269 1091 403 1142; x_wconf 89' lang='lat' dir='ltr'>annum</span> <span class='ocrx_word' id='word_1_35' title='bbox 433 1072 541 1152; x_wconf 85' lang='lat'><em>1760.</em></span> <span class='ocrx_word' id='word_1_36' title='bbox 568 1061 657 1138; x_wconf 83' lang='lat' dir='ltr'>Erat</span> <span class='ocrx_word' id='word_1_37' title='bbox 682 1062 727 1136; x_wconf 90' lang='lat' dir='ltr'>de</span> <span class='ocrx_word' id='word_1_38' title='bbox 752 1065 849 1137; x_wconf 91' lang='lat' dir='ltr'>clero</span> <span class='ocrx_word' id='word_1_39' title='bbox 874 1061 1030 1137; x_wconf 75' lang='lat' dir='ltr'>iaculari</span> <span class='ocrx_word' id='word_1_40' title='bbox 1058 1065 1117 1162; x_wconf 91' lang='lat' dir='ltr'>qui</span> <span class='ocrx_word' id='word_1_41' title='bbox 1145 1064 1340 1139; x_wconf 88' lang='lat' dir='ltr'>reclamare</span> <span class='ocrx_word' id='word_1_42' title='bbox 1367 1061 1609 1140; x_wconf 85' lang='lat' dir='ltr'>meditabatur</span> <span class='ocrx_word' id='word_1_43' title='bbox 1634 1083 1709 1138; x_wconf 82' lang='lat' dir='ltr'>exe</span> 
     </span>
     <span class='ocr_line' id='line_1_7' title="bbox 198 1156 1709 1273; baseline -0.003 -26"><span class='ocrx_word' id='word_1_44' title='bbox 198 1171 296 1273; x_wconf 93' lang='lat' dir='ltr'>quod</span> <span class='ocrx_word' id='word_1_45' title='bbox 321 1167 530 1245; x_wconf 84' lang='lat' dir='ltr'>Concilium</span> <span class='ocrx_word' id='word_1_46' title='bbox 555 1162 745 1257; x_wconf 88' lang='lat' dir='ltr'>Limense,</span> <span class='ocrx_word' id='word_1_47' title='bbox 772 1165 867 1255; x_wconf 81' lang='lat' dir='ltr'>cujus</span> <span class='ocrx_word' id='word_1_48' title='bbox 903 1165 1040 1240; x_wconf 86' lang='lat' dir='ltr'>liberali</span> <span class='ocrx_word' id='word_1_49' title='bbox 1066 1167 1240 1241; x_wconf 81' lang='lat' dir='ltr'>citatione</span> <span class='ocrx_word' id='word_1_50' title='bbox 1266 1166 1472 1243; x_wconf 89' lang='lat' dir='ltr'>nitebantur</span> <span class='ocrx_word' id='word_1_51' title='bbox 1504 1156 1669 1259; x_wconf 77' lang='lat' dir='ltr'>Edidia,</span> <span class='ocrx_word' id='word_1_52' title='bbox 1705 1191 1709 1207; x_wconf 66' lang='lat'><strong>¹</strong></span> 
     </span>
     <span class='ocr_line' id='line_1_8' title="bbox 199 1265 1709 1370; baseline -0.003 -20"><span class='ocrx_word' id='word_1_53' title='bbox 199 1294 298 1350; x_wconf 88' lang='lat' dir='ltr'>caret</span> <span class='ocrx_word' id='word_1_54' title='bbox 324 1274 362 1346; x_wconf 90' lang='lat' dir='ltr'>in</span> <span class='ocrx_word' id='word_1_55' title='bbox 388 1270 567 1370; x_wconf 87' lang='lat' dir='ltr'>provincia</span> <span class='ocrx_word' id='word_1_56' title='bbox 594 1266 667 1366; x_wconf 91' lang='lat' dir='ltr'>post</span> <span class='ocrx_word' id='word_1_57' title='bbox 691 1266 896 1345; x_wconf 86' lang='lat' dir='ltr'>Concilium</span> <span class='ocrx_word' id='word_1_58' title='bbox 922 1291 1033 1354; x_wconf 79' lang='lat' dir='ltr'>nata,</span> <span class='ocrx_word' id='word_1_59' title='bbox 1060 1270 1158 1359; x_wconf 87' lang='lat' dir='ltr'>cujus</span> <span class='ocrx_word' id='word_1_60' title='bbox 1174 1267 1395 1369; x_wconf 86' lang='lat' dir='ltr'>Paraguaria</span> <span class='ocrx_word' id='word_1_61' title='bbox 1420 1267 1470 1345; x_wconf 90' lang='lat' dir='ltr'>est</span> <span class='ocrx_word' id='word_1_62' title='bbox 1496 1292 1596 1366; x_wconf 86' lang='lat' dir='ltr'>pars.</span> <span class='ocrx_word' id='word_1_63' title='bbox 1622 1265 1709 1361; x_wconf 82' lang='lat' dir='ltr'>Con</span> 
     </span>
     <span class='ocr_line' id='line_1_9' title="bbox 198 1366 1709 1470; baseline -0.005 -16"><span class='ocrx_word' id='word_1_64' title='bbox 198 1378 349 1454; x_wconf 88' lang='lat' dir='ltr'>modum</span> <span class='ocrx_word' id='word_1_65' title='bbox 374 1373 644 1449; x_wconf 91' lang='lat' dir='ltr'>incommodum</span> <span class='ocrx_word' id='word_1_66' title='bbox 672 1371 820 1463; x_wconf 87' lang='lat' dir='ltr'>accidit,</span> <span class='ocrx_word' id='word_1_67' title='bbox 847 1392 888 1446; x_wconf 90' lang='lat' dir='ltr'>ut</span> <span class='ocrx_word' id='word_1_68' title='bbox 913 1374 1059 1469; x_wconf 88' lang='lat' dir='ltr'>quidam</span> <span class='ocrx_word' id='word_1_69' title='bbox 1084 1371 1297 1470; x_wconf 82' lang='lat' dir='ltr'>Theologiae</span> <span class='ocrx_word' id='word_1_70' title='bbox 1322 1370 1474 1448; x_wconf 88' lang='lat' dir='ltr'>Moraiis</span> <span class='ocrx_word' id='word_1_71' title='bbox 1500 1366 1672 1468; x_wconf 86' lang='lat' dir='ltr'>professor</span> <span class='ocrx_word' id='word_1_72' title='bbox 1693 1399 1709 1446; x_wconf 85' lang='lat' dir='ltr'>t</span> 
     </span>
     <span class='ocr_line' id='line_1_10' title="bbox 200 1469 1709 1577; baseline -0.002 -23"><span class='ocrx_word' id='word_1_73' title='bbox 200 1482 294 1555; x_wconf 89' lang='lat' dir='ltr'>slattt</span> <span class='ocrx_word' id='word_1_74' title='bbox 320 1480 470 1577; x_wconf 87' lang='lat' dir='ltr'>regulari</span> <span class='ocrx_word' id='word_1_75' title='bbox 497 1474 628 1551; x_wconf 91' lang='lat' dir='ltr'>eodem</span> <span class='ocrx_word' id='word_1_76' title='bbox 655 1492 812 1572; x_wconf 88' lang='lat' dir='ltr'>tempore</span> <span class='ocrx_word' id='word_1_77' title='bbox 838 1476 984 1550; x_wconf 69' lang='lat' dir='ltr'>distaret</span> <span class='ocrx_word' id='word_1_78' title='bbox 1011 1477 1048 1548; x_wconf 90' lang='lat' dir='ltr'>in</span> <span class='ocrx_word' id='word_1_79' title='bbox 1073 1476 1180 1568; x_wconf 90' lang='lat' dir='ltr'>aula,</span> <span class='ocrx_word' id='word_1_80' title='bbox 1219 1477 1423 1552; x_wconf 88' lang='lat' dir='ltr'>Concilium</span> <span class='ocrx_word' id='word_1_81' title='bbox 1459 1469 1625 1549; x_wconf 89' lang='lat' dir='ltr'>Limcnse</span> <span class='ocrx_word' id='word_1_82' title='bbox 1644 1476 1709 1551; x_wconf 81' lang='lat' dir='ltr'>&#39;no</span> 
     </span>
     <span class='ocr_line' id='line_1_11' title="bbox 199 1575 1709 1680; baseline -0.005 -22"><span class='ocrx_word' id='word_1_83' title='bbox 199 1583 358 1680; x_wconf 84' lang='lat' dir='ltr'>obligare</span> <span class='ocrx_word' id='word_1_84' title='bbox 384 1607 426 1652; x_wconf 84' lang='lat' dir='ltr'>ex</span> <span class='ocrx_word' id='word_1_85' title='bbox 445 1577 482 1673; x_wconf 78' lang='lat' dir='ltr'>se</span> <span class='ocrx_word' id='word_1_86' title='bbox 509 1580 546 1653; x_wconf 92' lang='lat' dir='ltr'>in</span> <span class='ocrx_word' id='word_1_87' title='bbox 572 1576 760 1652; x_wconf 84' lang='lat' dir='ltr'>Provincia</span> <span class='ocrx_word' id='word_1_88' title='bbox 785 1576 959 1668; x_wconf 81' lang='lat' dir='ltr'>Piatenst3</span> <span class='ocrx_word' id='word_1_89' title='bbox 986 1578 1143 1675; x_wconf 90' lang='lat' dir='ltr'>obligate</span> <span class='ocrx_word' id='word_1_90' title='bbox 1169 1600 1291 1654; x_wconf 89' lang='lat' dir='ltr'>tamen</span> <span class='ocrx_word' id='word_1_91' title='bbox 1317 1602 1360 1652; x_wconf 83' lang='lat' dir='ltr'>ert</span> <span class='ocrx_word' id='word_1_92' title='bbox 1387 1575 1709 1669; x_wconf 77' lang='lat' dir='ltr'>consuetudine,vt</span> 
     </span>
     <span class='ocr_line' id='line_1_12' title="bbox 200 1677 1707 1782; baseline -0.006 -20"><span class='ocrx_word' id='word_1_93' title='bbox 200 1686 343 1782; x_wconf 83' lang='lat' dir='ltr'>speciali</span> <span class='ocrx_word' id='word_1_94' title='bbox 369 1703 563 1780; x_wconf 81' lang='lat' dir='ltr'>praecepto,</span> <span class='ocrx_word' id='word_1_95' title='bbox 591 1683 644 1754; x_wconf 89' lang='lat' dir='ltr'>vei</span> <span class='ocrx_word' id='word_1_96' title='bbox 672 1682 916 1777; x_wconf 82' lang='lat' dir='ltr'>acceptatione</span> <span class='ocrx_word' id='word_1_97' title='bbox 943 1682 979 1755; x_wconf 94' lang='lat' dir='ltr'>in</span> <span class='ocrx_word' id='word_1_98' title='bbox 1015 1682 1186 1779; x_wconf 92' lang='lat' dir='ltr'>principio</span> <span class='ocrx_word' id='word_1_99' title='bbox 1212 1684 1341 1755; x_wconf 88' lang='lat' dir='ltr'>libera.</span> <span class='ocrx_word' id='word_1_100' title='bbox 1380 1681 1424 1755; x_wconf 93' lang='lat' dir='ltr'>Id</span> <span class='ocrx_word' id='word_1_101' title='bbox 1450 1679 1545 1779; x_wconf 90' lang='lat' dir='ltr'>quod</span> <span class='ocrx_word' id='word_1_102' title='bbox 1580 1677 1707 1754; x_wconf 89' lang='lat' dir='ltr'>adali</span> 
     </span>
     <span class='ocr_line' id='line_1_13' title="bbox 199 1780 1709 1888; baseline -0.007 -26"><span class='ocrx_word' id='word_1_103' title='bbox 199 1790 389 1888; x_wconf 90' lang='lat' dir='ltr'>gationum</span> <span class='ocrx_word' id='word_1_104' title='bbox 417 1788 453 1858; x_wconf 88' lang='lat' dir='ltr'>in</span> <span class='ocrx_word' id='word_1_105' title='bbox 478 1784 632 1875; x_wconf 78' lang='lat' dir='ltr'>Ediilis,</span> <span class='ocrx_word' id='word_1_106' title='bbox 658 1787 694 1859; x_wconf 84' lang='lat' dir='ltr'>dt</span> <span class='ocrx_word' id='word_1_107' title='bbox 719 1782 924 1857; x_wconf 74' lang='lat' dir='ltr'>Ediilorum</span> <span class='ocrx_word' id='word_1_108' title='bbox 948 1781 1158 1857; x_wconf 89' lang='lat' dir='ltr'>firmitatem</span> <span class='ocrx_word' id='word_1_109' title='bbox 1183 1781 1266 1859; x_wconf 89' lang='lat' dir='ltr'>satis</span> <span class='ocrx_word' id='word_1_110' title='bbox 1291 1804 1368 1859; x_wconf 90' lang='lat' dir='ltr'>erat</span> <span class='ocrx_word' id='word_1_111' title='bbox 1392 1839 1401 1857; x_wconf 88' lang='lat'><strong>.</strong></span> <span class='ocrx_word' id='word_1_112' title='bbox 1427 1780 1525 1878; x_wconf 80' lang='lat' dir='ltr'>Qtid</span> <span class='ocrx_word' id='word_1_113' title='bbox 1561 1783 1660 1857; x_wconf 90' lang='lat' dir='ltr'>enim</span> <span class='ocrx_word' id='word_1_114' title='bbox 1687 1792 1709 1855; x_wconf 78' lang='lat' dir='ltr'>&#39;rt</span> 
     </span>
    </p>
   </div>
   <div class='ocr_carea' id='block_1_4' title="bbox 64 1884 1708 1984">
    <p class='ocr_par' dir='ltr' id='par_1_4' title="bbox 64 1884 1708 1984">
     <span class='ocr_line' id='line_1_14' title="bbox 64 1884 1708 1984; baseline -0.005 -16"><span class='ocrx_word' id='word_1_115' title='bbox 64 1900 69 1909; x_wconf 88' lang='lat'>&#39;</span> <span class='ocrx_word' id='word_1_116' title='bbox 198 1891 291 1982; x_wconf 84' lang='lat' dir='ltr'>sert,</span> <span class='ocrx_word' id='word_1_117' title='bbox 316 1890 408 1963; x_wconf 88' lang='lat' dir='ltr'>unde</span> <span class='ocrx_word' id='word_1_118' title='bbox 434 1888 617 1984; x_wconf 89' lang='lat' dir='ltr'>proveniat</span> <span class='ocrx_word' id='word_1_119' title='bbox 643 1886 836 1982; x_wconf 83' lang='lat' dir='ltr'>obligatio,</span> <span class='ocrx_word' id='word_1_120' title='bbox 864 1885 890 1958; x_wconf 91' lang='lat' dir='ltr'>sr</span> <span class='ocrx_word' id='word_1_121' title='bbox 915 1884 1013 1972; x_wconf 81' lang='lat' dir='ltr'>certi&gt;</span> <span class='ocrx_word' id='word_1_122' title='bbox 1032 1885 1222 1984; x_wconf 89' lang='lat' dir='ltr'>obligaris?</span> <span class='ocrx_word' id='word_1_123' title='bbox 1250 1885 1501 1961; x_wconf 80' lang='lat' dir='ltr'>Gratissimum</span> <span class='ocrx_word' id='word_1_124' title='bbox 1526 1903 1615 1983; x_wconf 81' lang='lat' dir='ltr'>ergo</span> <span class='ocrx_word' id='word_1_125' title='bbox 1634 1908 1708 1984; x_wconf 91' lang='lat' dir='ltr'>opo</span> 
     </span>
    </p>
   </div>
   <div class='ocr_carea' id='block_1_5' title="bbox 194 1985 1710 3528">
    <p class='ocr_par' dir='ltr' id='par_1_5' title="bbox 197 1985 1710 2601">
     <span class='ocr_line' id='line_1_15' title="bbox 197 1985 1709 2088; baseline -0.003 -19"><span class='ocrx_word' id='word_1_126' title='bbox 197 1993 270 2070; x_wconf 90' lang='lat' dir='ltr'>tuit</span> <span class='ocrx_word' id='word_1_127' title='bbox 295 1987 362 2065; x_wconf 88' lang='lat' dir='ltr'>esse</span> <span class='ocrx_word' id='word_1_128' title='bbox 389 1985 585 2087; x_wconf 82' lang='lat' dir='ltr'>professoris</span> <span class='ocrx_word' id='word_1_129' title='bbox 611 1987 764 2062; x_wconf 88' lang='lat' dir='ltr'>studium</span> <span class='ocrx_word' id='word_1_130' title='bbox 791 1986 997 2088; x_wconf 84' lang='lat' dir='ltr'>Episcopo,</span> <span class='ocrx_word' id='word_1_131' title='bbox 1033 1991 1089 2062; x_wconf 90' lang='lat' dir='ltr'>cui</span> <span class='ocrx_word' id='word_1_132' title='bbox 1116 2014 1191 2063; x_wconf 90' lang='lat' dir='ltr'>non</span> <span class='ocrx_word' id='word_1_133' title='bbox 1228 2011 1429 2065; x_wconf 89' lang='lat' dir='ltr'>occurrerat</span> <span class='ocrx_word' id='word_1_134' title='bbox 1457 1988 1645 2064; x_wconf 90' lang='lat' dir='ltr'>dubitandi</span> <span class='ocrx_word' id='word_1_135' title='bbox 1682 2013 1709 2064; x_wconf 82' lang='lat' dir='ltr'>tt</span> 
     </span>
     <span class='ocr_line' id='line_1_16' title="bbox 197 2089 1709 2190; baseline -0.005 -19"><span class='ocrx_word' id='word_1_136' title='bbox 197 2094 279 2185; x_wconf 90' lang='lat' dir='ltr'>tio,</span> <span class='ocrx_word' id='word_1_137' title='bbox 303 2116 369 2166; x_wconf 90' lang='lat' dir='ltr'>nec</span> <span class='ocrx_word' id='word_1_138' title='bbox 394 2090 571 2190; x_wconf 70' lang='lat' dir='ltr'>praetensa‘</span> <span class='ocrx_word' id='word_1_139' title='bbox 588 2090 802 2167; x_wconf 85' lang='lat' dir='ltr'>citationum</span> <span class='ocrx_word' id='word_1_140' title='bbox 827 2092 1009 2166; x_wconf 81' lang='lat' dir='ltr'>debilitas.</span> <span class='ocrx_word' id='word_1_141' title='bbox 1036 2089 1132 2166; x_wconf 91' lang='lat' dir='ltr'>Cum</span> <span class='ocrx_word' id='word_1_142' title='bbox 1158 2095 1201 2168; x_wconf 91' lang='lat' dir='ltr'>de</span> <span class='ocrx_word' id='word_1_143' title='bbox 1213 2117 1312 2167; x_wconf 90' lang='lat' dir='ltr'>more</span> <span class='ocrx_word' id='word_1_144' title='bbox 1338 2092 1624 2168; x_wconf 90' lang='lat' dir='ltr'>distribuerentur</span> <span class='ocrx_word' id='word_1_145' title='bbox 1649 2114 1709 2167; x_wconf 91' lang='lat' dir='ltr'>cot</span> 
     </span>
     <span class='ocr_line' id='line_1_17' title="bbox 199 2189 1709 2297; baseline -0.003 -26"><span class='ocrx_word' id='word_1_146' title='bbox 199 2195 374 2271; x_wconf 86' lang='lat' dir='ltr'>ciustones</span> <span class='ocrx_word' id='word_1_147' title='bbox 399 2191 458 2269; x_wconf 92' lang='lat' dir='ltr'>seu</span> <span class='ocrx_word' id='word_1_148' title='bbox 486 2190 596 2269; x_wconf 83' lang='lat' dir='ltr'>theses</span> <span class='ocrx_word' id='word_1_149' title='bbox 623 2193 757 2297; x_wconf 70' lang='lat' dir='ltr'>publice</span> <span class='ocrx_word' id='word_1_150' title='bbox 782 2197 1065 2294; x_wconf 81' lang='lat' dir='ltr'>propugnandae,</span> <span class='ocrx_word' id='word_1_151' title='bbox 1091 2221 1191 2270; x_wconf 85' lang='lat' dir='ltr'>mens</span> <span class='ocrx_word' id='word_1_152' title='bbox 1216 2203 1251 2274; x_wconf 74' lang='lat' dir='ltr'>dt</span> <span class='ocrx_word' id='word_1_153' title='bbox 1276 2198 1433 2270; x_wconf 67' lang='lat' dir='ltr'>doctrina</span> <span class='ocrx_word' id='word_1_154' title='bbox 1461 2192 1661 2293; x_wconf 89' lang='lat' dir='ltr'>professoris</span> <span class='ocrx_word' id='word_1_155' title='bbox 1688 2189 1709 2266; x_wconf 84' lang='lat' dir='ltr'>fi</span> 
     </span>
     <span class='ocr_line' id='line_1_18' title="bbox 198 2294 1710 2397; baseline -0.002 -23"><span class='ocrx_word' id='word_1_156' title='bbox 198 2299 249 2374; x_wconf 88' lang='lat' dir='ltr'>est</span> <span class='ocrx_word' id='word_1_157' title='bbox 274 2298 544 2372; x_wconf 68' lang='lat' dir='ltr'>enuntiata...</span> <span class='ocrx_word' id='word_1_158' title='bbox 584 2304 619 2374; x_wconf 89' lang='lat'>6.</span> <span class='ocrx_word' id='word_1_159' title='bbox 648 2304 747 2397; x_wconf 80' lang='lat' dir='ltr'>Leges</span> <span class='ocrx_word' id='word_1_160' title='bbox 771 2296 840 2372; x_wconf 90' lang='lat' dir='ltr'>stve</span> <span class='ocrx_word' id='word_1_161' title='bbox 864 2297 996 2373; x_wconf 86' lang='lat' dir='ltr'>statuta</span> <span class='ocrx_word' id='word_1_162' title='bbox 1013 2296 1176 2374; x_wconf 88' lang='lat' dir='ltr'>-Conciiii</span> <span class='ocrx_word' id='word_1_163' title='bbox 1199 2297 1374 2374; x_wconf 85' lang='lat' dir='ltr'>Limensts</span> <span class='ocrx_word' id='word_1_164' title='bbox 1400 2323 1444 2371; x_wconf 79' lang='lat' dir='ltr'>ex</span> <span class='ocrx_word' id='word_1_165' title='bbox 1468 2295 1503 2373; x_wconf 88' lang='lat' dir='ltr'>se</span> <span class='ocrx_word' id='word_1_166' title='bbox 1539 2322 1615 2371; x_wconf 92' lang='lat' dir='ltr'>non</span> <span class='ocrx_word' id='word_1_167' title='bbox 1650 2294 1710 2371; x_wconf 90' lang='lat' dir='ltr'>obi</span> 
     </span>
     <span class='ocr_line' id='line_1_19' title="bbox 197 2396 1704 2500; baseline -0.004 -22"><span class='ocrx_word' id='word_1_168' title='bbox 197 2421 284 2500; x_wconf 85' lang='lat' dir='ltr'>gant</span> <span class='ocrx_word' id='word_1_169' title='bbox 311 2402 349 2475; x_wconf 95' lang='lat' dir='ltr'>in</span> <span class='ocrx_word' id='word_1_170' title='bbox 375 2401 575 2498; x_wconf 86' lang='lat' dir='ltr'>Argentino</span> <span class='ocrx_word' id='word_1_171' title='bbox 600 2399 948 2500; x_wconf 87' lang='lat' dir='ltr'>Arciriepiscopatu,</span> <span class='ocrx_word' id='word_1_172' title='bbox 986 2426 1053 2474; x_wconf 91' lang='lat' dir='ltr'>nec</span> <span class='ocrx_word' id='word_1_173' title='bbox 1079 2402 1115 2475; x_wconf 93' lang='lat' dir='ltr'>in</span> <span class='ocrx_word' id='word_1_174' title='bbox 1142 2403 1213 2491; x_wconf 84' lang='lat' dir='ltr'>ejus</span> <span class='ocrx_word' id='word_1_175' title='bbox 1247 2399 1446 2477; x_wconf 84' lang='lat' dir='ltr'>dioecestbus</span> <span class='ocrx_word' id='word_1_176' title='bbox 1472 2396 1704 2499; x_wconf 75' lang='lat' dir='ltr'>suffraganeis</span> 
     </span>
     <span class='ocr_line' id='line_1_20' title="bbox 197 2501 1293 2601; baseline 0.002 -25"><span class='ocrx_word' id='word_1_177' title='bbox 197 2527 234 2599; x_wconf 84' lang='lat'>7.</span> <span class='ocrx_word' id='word_1_178' title='bbox 262 2501 410 2599; x_wconf 83' lang='lat' dir='ltr'>Obligat</span> <span class='ocrx_word' id='word_1_179' title='bbox 437 2523 558 2578; x_wconf 89' lang='lat' dir='ltr'>tamen</span> <span class='ocrx_word' id='word_1_180' title='bbox 584 2503 642 2578; x_wconf 90' lang='lat' dir='ltr'>ubi</span> <span class='ocrx_word' id='word_1_181' title='bbox 669 2505 761 2600; x_wconf 84' lang='lat' dir='ltr'>viget</span> <span class='ocrx_word' id='word_1_182' title='bbox 790 2503 1008 2578; x_wconf 87' lang='lat' dir='ltr'>consuetudo</span> <span class='ocrx_word' id='word_1_183' title='bbox 1035 2507 1178 2601; x_wconf 90' lang='lat' dir='ltr'>parendi</span> <span class='ocrx_word' id='word_1_184' title='bbox 1206 2506 1293 2579; x_wconf 88' lang='lat' dir='ltr'>iilis.</span> 
     </span>
    </p>

    <p class='ocr_par' dir='ltr' id='par_1_6' title="bbox 194 2604 1709 3528">
     <span class='ocr_line' id='line_1_21' title="bbox 304 2604 1709 2704; baseline -0.001 -25"><span class='ocrx_word' id='word_1_185' title='bbox 304 2605 439 2702; x_wconf 86' lang='lat' dir='ltr'>Ignoro</span> <span class='ocrx_word' id='word_1_186' title='bbox 464 2606 587 2703; x_wconf 82' lang='lat' dir='ltr'>quibus</span> <span class='ocrx_word' id='word_1_187' title='bbox 611 2604 853 2682; x_wconf 77' lang='lat' dir='ltr'>fundamentis</span> <span class='ocrx_word' id='word_1_188' title='bbox 879 2609 1032 2704; x_wconf 87' lang='lat' dir='ltr'>primam</span> <span class='ocrx_word' id='word_1_189' title='bbox 1057 2630 1100 2682; x_wconf 84' lang='lat' dir='ltr'>ert</span> <span class='ocrx_word' id='word_1_190' title='bbox 1125 2607 1179 2680; x_wconf 85' lang='lat' dir='ltr'>his</span> <span class='ocrx_word' id='word_1_191' title='bbox 1204 2608 1337 2681; x_wconf 86' lang='lat' dir='ltr'>duabus</span> <span class='ocrx_word' id='word_1_192' title='bbox 1364 2604 1633 2682; x_wconf 88' lang='lat' dir='ltr'>conclusronem</span> <span class='ocrx_word' id='word_1_193' title='bbox 1659 2627 1709 2703; x_wconf 81' lang='lat' dir='ltr'>pr&lt;</span> 
     </span>
     <span class='ocr_line' id='line_1_22' title="bbox 196 2704 1709 2807; baseline -0.002 -24"><span class='ocrx_word' id='word_1_194' title='bbox 196 2709 296 2783; x_wconf 88' lang='lat' dir='ltr'>baret</span> <span class='ocrx_word' id='word_1_195' title='bbox 323 2704 513 2805; x_wconf 82' lang='lat' dir='ltr'>professor,</span> <span class='ocrx_word' id='word_1_196' title='bbox 539 2734 625 2783; x_wconf 93' lang='lat' dir='ltr'>nam</span> <span class='ocrx_word' id='word_1_197' title='bbox 659 2711 755 2806; x_wconf 85' lang='lat' dir='ltr'>quod</span> <span class='ocrx_word' id='word_1_198' title='bbox 791 2733 852 2807; x_wconf 90' lang='lat' dir='ltr'>per</span> <span class='ocrx_word' id='word_1_199' title='bbox 877 2711 1012 2785; x_wconf 84' lang='lat' dir='ltr'>litteras</span> <span class='ocrx_word' id='word_1_200' title='bbox 1046 2706 1282 2806; x_wconf 84' lang='lat' dir='ltr'>fignificatum</span> <span class='ocrx_word' id='word_1_201' title='bbox 1320 2712 1456 2801; x_wconf 88' lang='lat' dir='ltr'>voluit,</span> <span class='ocrx_word' id='word_1_202' title='bbox 1497 2710 1541 2787; x_wconf 92' lang='lat' dir='ltr'>ad</span> <span class='ocrx_word' id='word_1_203' title='bbox 1575 2707 1709 2806; x_wconf 87' lang='lat' dir='ltr'>obligat</span> 
     </span>
     <span class='ocr_line' id='line_1_23' title="bbox 194 2808 1709 2912; baseline -0.001 -27"><span class='ocrx_word' id='word_1_204' title='bbox 194 2812 283 2885; x_wconf 91' lang='lat' dir='ltr'>dum</span> <span class='ocrx_word' id='word_1_205' title='bbox 309 2812 347 2884; x_wconf 92' lang='lat' dir='ltr'>in</span> <span class='ocrx_word' id='word_1_206' title='bbox 371 2810 478 2888; x_wconf 93' lang='lat' dir='ltr'>Novo</span> <span class='ocrx_word' id='word_1_207' title='bbox 502 2813 633 2910; x_wconf 84' lang='lat' dir='ltr'>Regno</span> <span class='ocrx_word' id='word_1_208' title='bbox 658 2829 778 2885; x_wconf 82' lang='lat' dir='ltr'>extare</span> <span class='ocrx_word' id='word_1_209' title='bbox 804 2813 1015 2886; x_wconf 89' lang='lat' dir='ltr'>mandatum</span> <span class='ocrx_word' id='word_1_210' title='bbox 1041 2809 1187 2912; x_wconf 88' lang='lat' dir='ltr'>speciale</span> <span class='ocrx_word' id='word_1_211' title='bbox 1214 2811 1349 2891; x_wconf 89' lang='lat' dir='ltr'>Urbani</span> <span class='ocrx_word' id='word_1_212' title='bbox 1377 2812 1492 2904; x_wconf 88' lang='lat' dir='ltr'>Viii,</span> <span class='ocrx_word' id='word_1_213' title='bbox 1528 2828 1567 2883; x_wconf 93' lang='lat' dir='ltr'>ut</span> <span class='ocrx_word' id='word_1_214' title='bbox 1595 2808 1709 2883; x_wconf 88' lang='lat' dir='ltr'>infera</span> 
     </span>
     <span class='ocr_line' id='line_1_24' title="bbox 197 2908 1709 3013; baseline -0.003 -25"><span class='ocrx_word' id='word_1_215' title='bbox 197 2911 358 3006; x_wconf 80' lang='lat' dir='ltr'>exse&amp;</span> <span class='ocrx_word' id='word_1_216' title='bbox 385 2911 510 3012; x_wconf 89' lang='lat' dir='ltr'>absque</span> <span class='ocrx_word' id='word_1_217' title='bbox 538 2915 604 2989; x_wconf 90' lang='lat' dir='ltr'>tali</span> <span class='ocrx_word' id='word_1_218' title='bbox 642 2935 815 3012; x_wconf 84' lang='lat' dir='ltr'>praecepto</span> <span class='ocrx_word' id='word_1_219' title='bbox 841 2916 979 2989; x_wconf 89' lang='lat' dir='ltr'>nuliam</span> <span class='ocrx_word' id='word_1_220' title='bbox 1016 2910 1093 2987; x_wconf 90' lang='lat' dir='ltr'>sote</span> <span class='ocrx_word' id='word_1_221' title='bbox 1119 2915 1410 3013; x_wconf 91' lang='lat' dir='ltr'>obligationem,</span> <span class='ocrx_word' id='word_1_222' title='bbox 1437 2913 1485 2991; x_wconf 85' lang='lat' dir='ltr'>esi</span> <span class='ocrx_word' id='word_1_223' title='bbox 1519 2908 1709 2986; x_wconf 75' lang='lat' dir='ltr'>fundamen</span> 
     </span>
     <span class='ocr_line' id='line_1_25' title="bbox 197 3006 1709 3118; baseline -0.003 -26"><span class='ocrx_word' id='word_1_224' title='bbox 197 3038 277 3092; x_wconf 92' lang='lat' dir='ltr'>tum</span> <span class='ocrx_word' id='word_1_225' title='bbox 303 3020 432 3114; x_wconf 88' lang='lat' dir='ltr'>partim</span> <span class='ocrx_word' id='word_1_226' title='bbox 458 3017 591 3107; x_wconf 92' lang='lat' dir='ltr'>debile,</span> <span class='ocrx_word' id='word_1_227' title='bbox 619 3019 749 3114; x_wconf 90' lang='lat' dir='ltr'>partim</span> <span class='ocrx_word' id='word_1_228' title='bbox 775 3019 834 3091; x_wconf 87' lang='lat' dir='ltr'>abs</span> <span class='ocrx_word' id='word_1_229' title='bbox 870 3042 927 3091; x_wconf 90' lang='lat' dir='ltr'>re.</span> <span class='ocrx_word' id='word_1_230' title='bbox 964 3014 1025 3093; x_wconf 90' lang='lat' dir='ltr'>Est</span> <span class='ocrx_word' id='word_1_231' title='bbox 1051 3017 1110 3091; x_wconf 90' lang='lat' dir='ltr'>abs</span> <span class='ocrx_word' id='word_1_232' title='bbox 1138 3043 1197 3109; x_wconf 89' lang='lat' dir='ltr'>te,</span> <span class='ocrx_word' id='word_1_233' title='bbox 1224 3021 1306 3118; x_wconf 86' lang='lat' dir='ltr'>quia</span> <span class='ocrx_word' id='word_1_234' title='bbox 1334 3018 1521 3094; x_wconf 88' lang='lat' dir='ltr'>Provincia</span> <span class='ocrx_word' id='word_1_235' title='bbox 1559 3006 1709 3092; x_wconf 74' lang='lat' dir='ltr'>sanctas</span> 
     </span>
     <span class='ocr_line' id='line_1_26' title="bbox 194 3115 1707 3216; baseline -0.003 -24"><span class='ocrx_word' id='word_1_236' title='bbox 194 3116 308 3193; x_wconf 77' lang='lat' dir='ltr'>densis</span> <span class='ocrx_word' id='word_1_237' title='bbox 333 3119 378 3191; x_wconf 90' lang='lat' dir='ltr'>de</span> <span class='ocrx_word' id='word_1_238' title='bbox 402 3118 510 3193; x_wconf 91' lang='lat' dir='ltr'>Novo</span> <span class='ocrx_word' id='word_1_239' title='bbox 544 3120 671 3216; x_wconf 83' lang='lat' dir='ltr'>Regno</span> <span class='ocrx_word' id='word_1_240' title='bbox 709 3117 855 3194; x_wconf 88' lang='lat' dir='ltr'>nonest</span> <span class='ocrx_word' id='word_1_241' title='bbox 881 3120 924 3192; x_wconf 88' lang='lat' dir='ltr'>de</span> <span class='ocrx_word' id='word_1_242' title='bbox 950 3119 1210 3195; x_wconf 90' lang='lat' dir='ltr'>dismembratis</span> <span class='ocrx_word' id='word_1_243' title='bbox 1249 3120 1450 3196; x_wconf 90' lang='lat' dir='ltr'>aLimana</span> <span class='ocrx_word' id='word_1_244' title='bbox 1488 3116 1562 3216; x_wconf 87' lang='lat' dir='ltr'>post</span> <span class='ocrx_word' id='word_1_245' title='bbox 1598 3115 1707 3191; x_wconf 90' lang='lat' dir='ltr'>Conc</span> 
     </span>
     <span class='ocr_line' id='line_1_27' title="bbox 196 3218 1709 3321; baseline -0.002 -27"><span class='ocrx_word' id='word_1_246' title='bbox 196 3224 308 3313; x_wconf 89' lang='lat' dir='ltr'>lium,</span> <span class='ocrx_word' id='word_1_247' title='bbox 337 3219 426 3295; x_wconf 87' lang='lat' dir='ltr'>srcut</span> <span class='ocrx_word' id='word_1_248' title='bbox 451 3219 623 3296; x_wconf 80' lang='lat' dir='ltr'>Piatensts</span> <span class='ocrx_word' id='word_1_249' title='bbox 648 3220 707 3296; x_wconf 87' lang='lat' dir='ltr'>seu</span> <span class='ocrx_word' id='word_1_250' title='bbox 732 3223 953 3318; x_wconf 84' lang='lat' dir='ltr'>Argentina3</span> <span class='ocrx_word' id='word_1_251' title='bbox 982 3224 1018 3296; x_wconf 93' lang='lat' dir='ltr'>in</span> <span class='ocrx_word' id='word_1_252' title='bbox 1045 3249 1112 3320; x_wconf 91' lang='lat' dir='ltr'>qua</span> <span class='ocrx_word' id='word_1_253' title='bbox 1127 3226 1270 3319; x_wconf 90' lang='lat' dir='ltr'>proinde</span> <span class='ocrx_word' id='word_1_254' title='bbox 1298 3223 1345 3298; x_wconf 92' lang='lat' dir='ltr'>est</span> <span class='ocrx_word' id='word_1_255' title='bbox 1372 3223 1529 3321; x_wconf 82' lang='lat' dir='ltr'>specialis</span> <span class='ocrx_word' id='word_1_256' title='bbox 1554 3221 1651 3294; x_wconf 89' lang='lat' dir='ltr'>ratio</span> <span class='ocrx_word' id='word_1_257' title='bbox 1673 3218 1709 3292; x_wconf 93' lang='lat' dir='ltr'>dt</span> 
     </span>
     <span class='ocr_line' id='line_1_28' title="bbox 196 3323 1708 3424; baseline -0.003 -25"><span class='ocrx_word' id='word_1_258' title='bbox 196 3325 354 3414; x_wconf 90' lang='lat' dir='ltr'>bitandi,</span> <span class='ocrx_word' id='word_1_259' title='bbox 381 3324 505 3421; x_wconf 87' lang='lat' dir='ltr'>quippe</span> <span class='ocrx_word' id='word_1_260' title='bbox 530 3349 607 3424; x_wconf 84' lang='lat' dir='ltr'>quac</span> <span class='ocrx_word' id='word_1_261' title='bbox 633 3325 785 3399; x_wconf 81' lang='lat' dir='ltr'>obnoxia</span> <span class='ocrx_word' id='word_1_262' title='bbox 811 3346 888 3398; x_wconf 89' lang='lat' dir='ltr'>etat</span> <span class='ocrx_word' id='word_1_263' title='bbox 912 3324 978 3413; x_wconf 88' lang='lat' dir='ltr'>juti</span> <span class='ocrx_word' id='word_1_264' title='bbox 1005 3327 1142 3399; x_wconf 90' lang='lat' dir='ltr'>limano</span> <span class='ocrx_word' id='word_1_265' title='bbox 1170 3327 1256 3400; x_wconf 92' lang='lat' dir='ltr'>dum</span> <span class='ocrx_word' id='word_1_266' title='bbox 1285 3329 1500 3402; x_wconf 88' lang='lat' dir='ltr'>celebratum</span> <span class='ocrx_word' id='word_1_267' title='bbox 1538 3323 1587 3397; x_wconf 90' lang='lat' dir='ltr'>eii</span> <span class='ocrx_word' id='word_1_268' title='bbox 1615 3345 1708 3396; x_wconf 92' lang='lat' dir='ltr'>conc</span> 
     </span>
     <span class='ocr_line' id='line_1_29' title="bbox 194 3420 1709 3528; baseline -0.002 -28"><span class='ocrx_word' id='word_1_269' title='bbox 194 3429 304 3502; x_wconf 86' lang='lat' dir='ltr'>lium.</span> <span class='ocrx_word' id='word_1_270' title='bbox 323 3423 393 3498; x_wconf 75' lang='lat' dir='ltr'>‘Est</span> <span class='ocrx_word' id='word_1_271' title='bbox 419 3426 532 3502; x_wconf 87' lang='lat' dir='ltr'>debile</span> <span class='ocrx_word' id='word_1_272' title='bbox 546 3458 561 3517; x_wconf 87' lang='lat'>‚·</span> <span class='ocrx_word' id='word_1_273' title='bbox 586 3428 669 3525; x_wconf 89' lang='lat' dir='ltr'>quia</span> <span class='ocrx_word' id='word_1_274' title='bbox 695 3426 784 3500; x_wconf 73' lang='lat' dir='ltr'>rediit</span> <span class='ocrx_word' id='word_1_275' title='bbox 810 3427 917 3501; x_wconf 87' lang='lat' dir='ltr'>habet</span> <span class='ocrx_word' id='word_1_276' title='bbox 942 3429 1037 3526; x_wconf 90' lang='lat' dir='ltr'>quod</span> <span class='ocrx_word' id='word_1_277' title='bbox 1062 3430 1238 3502; x_wconf 90' lang='lat' dir='ltr'>mandato</span> <span class='ocrx_word' id='word_1_278' title='bbox 1274 3429 1413 3528; x_wconf 90' lang='lat' dir='ltr'>speciali</span> <span class='ocrx_word' id='word_1_279' title='bbox 1441 3430 1638 3502; x_wconf 88' lang='lat' dir='ltr'>inculcetur</span> <span class='ocrx_word' id='word_1_280' title='bbox 1673 3420 1709 3497; x_wconf 94' lang='lat' dir='ltr'>oi</span> 
     </span>
    </p>
   </div>
   <div class='ocr_carea' id='block_1_6' title="bbox 56 3524 1709 3628">
    <p class='ocr_par' dir='ltr' id='par_1_7' title="bbox 56 3524 1709 3628">
     <span class='ocr_line' id='line_1_30' title="bbox 56 3524 1709 3628; baseline -0.001 -26"><span class='ocrx_word' id='word_1_281' title='bbox 56 3524 60 3529; x_wconf 74' lang='grc'><strong>’</strong></span> <span class='ocrx_word' id='word_1_282' title='bbox 192 3529 320 3627; x_wconf 87' lang='lat' dir='ltr'>ligatio</span> <span class='ocrx_word' id='word_1_283' title='bbox 346 3527 581 3624; x_wconf 79' lang='lat' dir='ltr'>praeexistens.</span> <span class='ocrx_word' id='word_1_284' title='bbox 608 3526 656 3604; x_wconf 88' lang='lat' dir='ltr'>Et</span> <span class='ocrx_word' id='word_1_285' title='bbox 685 3527 807 3624; x_wconf 87' lang='lat' dir='ltr'>passtm</span> <span class='ocrx_word' id='word_1_286' title='bbox 833 3526 922 3603; x_wconf 88' lang='lat' dir='ltr'>frunt</span> <span class='ocrx_word' id='word_1_287' title='bbox 949 3529 1110 3628; x_wconf 83' lang='lat' dir='ltr'>specialia</span> <span class='ocrx_word' id='word_1_288' title='bbox 1138 3542 1331 3622; x_wconf 87' lang='lat' dir='ltr'>mandata,</span> <span class='ocrx_word' id='word_1_289' title='bbox 1358 3553 1397 3606; x_wconf 91' lang='lat' dir='ltr'>ut</span> <span class='ocrx_word' id='word_1_290' title='bbox 1423 3530 1653 3605; x_wconf 88' lang='lat' dir='ltr'>observentur</span> <span class='ocrx_word' id='word_1_291' title='bbox 1675 3527 1709 3601; x_wconf 79' lang='lat' dir='ltr'>dt</span> 
     </span>
    </p>
   </div>
   <div class='ocr_carea' id='block_1_7' title="bbox 87 3627 1709 4245">
    <p class='ocr_par' dir='ltr' id='par_1_8' title="bbox 87 3627 1709 4245">
     <span class='ocr_line' id='line_1_31' title="bbox 197 3627 1709 3732; baseline 0 -27"><span class='ocrx_word' id='word_1_292' title='bbox 197 3644 298 3705; x_wconf 72' lang='lat' dir='ltr'>ereta‘</span> <span class='ocrx_word' id='word_1_293' title='bbox 319 3627 475 3705; x_wconf 90' lang='lat' dir='ltr'>Conciiii</span> <span class='ocrx_word' id='word_1_294' title='bbox 499 3631 729 3723; x_wconf 83' lang='lat' dir='ltr'>Tridentini,</span> <span class='ocrx_word' id='word_1_295' title='bbox 759 3633 795 3716; x_wconf 86' lang='lat' dir='ltr'>in</span> <span class='ocrx_word' id='word_1_296' title='bbox 821 3634 907 3706; x_wconf 90' lang='lat' dir='ltr'>locis</span> <span class='ocrx_word' id='word_1_297' title='bbox 932 3637 1053 3732; x_wconf 89' lang='lat' dir='ltr'>utique</span> <span class='ocrx_word' id='word_1_298' title='bbox 1089 3634 1147 3707; x_wconf 91' lang='lat' dir='ltr'>ubi</span> <span class='ocrx_word' id='word_1_299' title='bbox 1175 3638 1359 3732; x_wconf 86' lang='lat' dir='ltr'>obligant.</span> <span class='ocrx_word' id='word_1_300' title='bbox 1399 3634 1514 3731; x_wconf 87' lang='lat' dir='ltr'>Igitur</span> <span class='ocrx_word' id='word_1_301' title='bbox 1550 3627 1709 3729; x_wconf 78' lang='lat' dir='ltr'>possete</span> 
     </span>
     <span class='ocr_line' id='line_1_32' title="bbox 194 3731 1696 3828; baseline -0.003 -17"><span class='ocrx_word' id='word_1_302' title='bbox 194 3733 343 3811; x_wconf 89' lang='lat' dir='ltr'>Urbano</span> <span class='ocrx_word' id='word_1_303' title='bbox 370 3731 472 3807; x_wconf 87' lang='lat' dir='ltr'>Viii.</span> <span class='ocrx_word' id='word_1_304' title='bbox 500 3733 694 3828; x_wconf 86' lang='lat' dir='ltr'>specialiter</span> <span class='ocrx_word' id='word_1_305' title='bbox 719 3736 905 3826; x_wconf 88' lang='lat' dir='ltr'>mandari,</span> <span class='ocrx_word' id='word_1_306' title='bbox 932 3757 972 3809; x_wconf 91' lang='lat' dir='ltr'>ut</span> <span class='ocrx_word' id='word_1_307' title='bbox 1006 3731 1245 3812; x_wconf 88' lang='lat' dir='ltr'>observaretur</span> <span class='ocrx_word' id='word_1_308' title='bbox 1281 3737 1446 3813; x_wconf 89' lang='lat' dir='ltr'>Limense</span> <span class='ocrx_word' id='word_1_309' title='bbox 1482 3733 1696 3810; x_wconf 88' lang='lat' dir='ltr'>Concilium</span> 
     </span>
     <span class='ocr_line' id='line_1_33' title="bbox 193 3835 1625 3936; baseline 0.001 -25"><span class='ocrx_word' id='word_1_310' title='bbox 193 3838 279 3936; x_wconf 88' lang='lat' dir='ltr'>quin</span> <span class='ocrx_word' id='word_1_311' title='bbox 303 3861 347 3910; x_wconf 86' lang='lat' dir='ltr'>ex</span> <span class='ocrx_word' id='word_1_312' title='bbox 372 3861 417 3910; x_wconf 90' lang='lat' dir='ltr'>eo</span> <span class='ocrx_word' id='word_1_313' title='bbox 444 3835 721 3934; x_wconf 24' lang='lat' dir='ltr'>poisrthconsici,</span> <span class='ocrx_word' id='word_1_314' title='bbox 750 3840 793 3911; x_wconf 88' lang='lat' dir='ltr'>de</span> <span class='ocrx_word' id='word_1_315' title='bbox 818 3837 852 3913; x_wconf 91' lang='lat' dir='ltr'>se</span> <span class='ocrx_word' id='word_1_316' title='bbox 879 3863 954 3910; x_wconf 92' lang='lat' dir='ltr'>non</span> <span class='ocrx_word' id='word_1_317' title='bbox 978 3839 1155 3936; x_wconf 88' lang='lat' dir='ltr'>obligare.</span> <span class='ocrx_word' id='word_1_318' title='bbox 1623 3890 1625 3894; x_wconf 26' lang='grc' dir='ltr'><strong><em>ι</em></strong></span> 
     </span>
     <span class='ocr_line' id='line_1_34' title="bbox 296 3934 1709 4038; baseline -0.004 -23"><span class='ocrx_word' id='word_1_319' title='bbox 296 3939 458 4015; x_wconf 86' lang='lat' dir='ltr'>Secunda</span> <span class='ocrx_word' id='word_1_320' title='bbox 484 3961 528 4012; x_wconf 81' lang='lat' dir='ltr'>ert</span> <span class='ocrx_word' id='word_1_321' title='bbox 538 3939 673 4015; x_wconf 86' lang='lat' dir='ltr'>duabus</span> <span class='ocrx_word' id='word_1_322' title='bbox 698 3941 817 4015; x_wconf 88' lang='lat' dir='ltr'>relatis</span> <span class='ocrx_word' id='word_1_323' title='bbox 837 3937 1202 4038; x_wconf 79' lang='lat' dir='ltr'>pofitionibusmeiius</span> <span class='ocrx_word' id='word_1_324' title='bbox 1224 3944 1470 4018; x_wconf 84' lang='lat' dir='ltr'>enuntiaretur</span> <span class='ocrx_word' id='word_1_325' title='bbox 1495 3937 1561 4014; x_wconf 86' lang='lat' dir='ltr'>src:</span> <span class='ocrx_word' id='word_1_326' title='bbox 1592 3961 1629 4035; x_wconf 87' lang='lat'>7.</span> <span class='ocrx_word' id='word_1_327' title='bbox 1642 3934 1709 4013; x_wconf 82' lang='lat' dir='ltr'>obt</span> 
     </span>
     <span class='ocr_line' id='line_1_35' title="bbox 189 4038 1709 4142; baseline -0.002 -26"><span class='ocrx_word' id='word_1_328' title='bbox 189 4059 276 4142; x_wconf 82' lang='lat' dir='ltr'>gant</span> <span class='ocrx_word' id='word_1_329' title='bbox 302 4062 423 4116; x_wconf 90' lang='lat' dir='ltr'>tamen</span> <span class='ocrx_word' id='word_1_330' title='bbox 449 4065 493 4115; x_wconf 87' lang='lat' dir='ltr'>ex</span> <span class='ocrx_word' id='word_1_331' title='bbox 519 4042 811 4134; x_wconf 79' lang='lat' dir='ltr'>consuetudine,</span> <span class='ocrx_word' id='word_1_332' title='bbox 843 4044 897 4115; x_wconf 90' lang='lat' dir='ltr'>vei</span> <span class='ocrx_word' id='word_1_333' title='bbox 923 4046 1166 4142; x_wconf 87' lang='lat' dir='ltr'>undecumque</span> <span class='ocrx_word' id='word_1_334' title='bbox 1194 4048 1378 4140; x_wconf 88' lang='lat' dir='ltr'>proveniat</span> <span class='ocrx_word' id='word_1_335' title='bbox 1415 4044 1594 4141; x_wconf 74' lang='lat' dir='ltr'>obligarit).</span> <span class='ocrx_word' id='word_1_336' title='bbox 1634 4038 1709 4114; x_wconf 89' lang='lat' dir='ltr'>Nar</span> 
     </span>
     <span class='ocr_line' id='line_1_36' title="bbox 87 4142 1709 4245; baseline -0.001 -25"><span class='ocrx_word' id='word_1_337' title='bbox 87 4145 89 4149; x_wconf 32' lang='lat'>⁸</span> <span class='ocrx_word' id='word_1_338' title='bbox 193 4144 395 4220; x_wconf 87' lang='lat' dir='ltr'>adverbium</span> <span class='ocrx_word' id='word_1_339' title='bbox 421 4143 478 4217; x_wconf 84' lang='lat' dir='ltr'>udi</span> <span class='ocrx_word' id='word_1_340' title='bbox 512 4147 759 4220; x_wconf 87' lang='lat' dir='ltr'>conditionem</span> <span class='ocrx_word' id='word_1_341' title='bbox 784 4147 968 4241; x_wconf 66' lang='lat' dir='ltr'>{importat</span> <span class='ocrx_word' id='word_1_342' title='bbox 993 4147 1244 4242; x_wconf 82' lang='lat' dir='ltr'>obligationis,</span> <span class='ocrx_word' id='word_1_343' title='bbox 1282 4174 1389 4245; x_wconf 90' lang='lat' dir='ltr'>quam</span> <span class='ocrx_word' id='word_1_344' title='bbox 1425 4149 1490 4220; x_wconf 85' lang='lat' dir='ltr'>elie</span> <span class='ocrx_word' id='word_1_345' title='bbox 1530 4142 1709 4219; x_wconf 89' lang='lat' dir='ltr'>absolutat</span> 
     </span>
    </p>
   </div>
   <div class='ocr_carea' id='block_1_8' title="bbox 166 4245 1709 4348">
    <p class='ocr_par' dir='ltr' id='par_1_9' title="bbox 166 4245 1709 4348">
     <span class='ocr_line' id='line_1_37' title="bbox 166 4245 1709 4348; baseline -0.003 -26"><span class='ocrx_word' id='word_1_346' title='bbox 166 4245 335 4346; x_wconf 78' lang='lat' dir='ltr'>defendi</span> <span class='ocrx_word' id='word_1_347' title='bbox 362 4247 573 4348; x_wconf 90' lang='lat' dir='ltr'>parabatur.</span> <span class='ocrx_word' id='word_1_348' title='bbox 597 4246 734 4321; x_wconf 84' lang='lat' dir='ltr'>Desara</span> <span class='ocrx_word' id='word_1_349' title='bbox 763 4245 811 4321; x_wconf 90' lang='lat' dir='ltr'>est</span> <span class='ocrx_word' id='word_1_350' title='bbox 838 4250 882 4321; x_wconf 92' lang='lat' dir='ltr'>ad</span> <span class='ocrx_word' id='word_1_351' title='bbox 907 4245 1119 4348; x_wconf 85' lang='lat' dir='ltr'>Episcopum</span> <span class='ocrx_word' id='word_1_352' title='bbox 1147 4249 1344 4341; x_wconf 86' lang='lat' dir='ltr'>accusatio,</span> <span class='ocrx_word' id='word_1_353' title='bbox 1382 4245 1611 4345; x_wconf 64' lang='lat' dir='ltr'>professorem</span> <span class='ocrx_word' id='word_1_354' title='bbox 1640 4246 1709 4320; x_wconf 91' lang='lat' dir='ltr'>beii</span> 
     </span>
    </p>
   </div>
   <div class='ocr_carea' id='block_1_9' title="bbox 194 4342 1708 4451">
    <p class='ocr_par' dir='ltr' id='par_1_10' title="bbox 194 4342 1708 4451">
     <span class='ocr_line' id='line_1_38' title="bbox 194 4342 1708 4451; baseline -0.003 -25"><span class='ocrx_word' id='word_1_355' title='bbox 194 4342 339 4426; x_wconf 81' lang='lat' dir='ltr'>movere</span> <span class='ocrx_word' id='word_1_356' title='bbox 366 4344 527 4423; x_wconf 87' lang='lat' dir='ltr'>adversus</span> <span class='ocrx_word' id='word_1_357' title='bbox 552 4348 664 4424; x_wconf 68' lang='lat' dir='ltr'>edilia</span> <span class='ocrx_word' id='word_1_358' title='bbox 691 4348 932 4447; x_wconf 87' lang='lat' dir='ltr'>publicanda,</span> <span class='ocrx_word' id='word_1_359' title='bbox 970 4374 1100 4449; x_wconf 88' lang='lat' dir='ltr'>negato</span> <span class='ocrx_word' id='word_1_360' title='bbox 1128 4355 1221 4444; x_wconf 89' lang='lat' dir='ltr'>iure,</span> <span class='ocrx_word' id='word_1_361' title='bbox 1256 4354 1534 4451; x_wconf 80' lang='lat' dir='ltr'>&amp;obligatione</span> <span class='ocrx_word' id='word_1_362' title='bbox 1571 4348 1708 4424; x_wconf 89' lang='lat' dir='ltr'>Concii</span> 
     </span>
    </p>
   </div>
   <div class='ocr_carea' id='block_1_10' title="bbox 70 4446 1709 4553">
    <p class='ocr_par' dir='ltr' id='par_1_11' title="bbox 70 4446 1709 4553">
     <span class='ocr_line' id='line_1_39' title="bbox 70 4446 1709 4553; baseline -0.002 -24"><span class='ocrx_word' id='word_1_363' title='bbox 70 4522 74 4529; x_wconf 91' lang='lat'><strong><em>.</em></strong></span> <span class='ocrx_word' id='word_1_364' title='bbox 193 4449 368 4529; x_wconf 86' lang='lat' dir='ltr'>Limensts</span> <span class='ocrx_word' id='word_1_365' title='bbox 395 4450 432 4524; x_wconf 93' lang='lat' dir='ltr'>in</span> <span class='ocrx_word' id='word_1_366' title='bbox 459 4446 698 4551; x_wconf 85' lang='lat' dir='ltr'>Paraguaria.</span> <span class='ocrx_word' id='word_1_367' title='bbox 724 4451 833 4542; x_wconf 87' lang='lat' dir='ltr'>Cujus</span> <span class='ocrx_word' id='word_1_368' title='bbox 858 4449 991 4528; x_wconf 76' lang='lat' dir='ltr'>salsitas</span> <span class='ocrx_word' id='word_1_369' title='bbox 1018 4478 1117 4552; x_wconf 83' lang='lat' dir='ltr'>patet</span> <span class='ocrx_word' id='word_1_370' title='bbox 1143 4481 1187 4530; x_wconf 83' lang='lat' dir='ltr'>ex</span> <span class='ocrx_word' id='word_1_371' title='bbox 1213 4452 1329 4548; x_wconf 73' lang='lat' dir='ltr'>satio,</span> <span class='ocrx_word' id='word_1_372' title='bbox 1356 4457 1453 4553; x_wconf 91' lang='lat' dir='ltr'>quod</span> <span class='ocrx_word' id='word_1_373' title='bbox 1490 4456 1603 4528; x_wconf 87' lang='lat' dir='ltr'>cuivis</span> <span class='ocrx_word' id='word_1_374' title='bbox 1631 4452 1709 4527; x_wconf 91' lang='lat' dir='ltr'>nuil</span> 
     </span>
    </p>
   </div>
   <div class='ocr_carea' id='block_1_11' title="bbox 189 4550 1709 5072">
    <p class='ocr_par' dir='ltr' id='par_1_12' title="bbox 189 4550 1709 4962">
     <span class='ocr_line' id='line_1_40' title="bbox 192 4550 1709 4657; baseline 0.001 -26"><span class='ocrx_word' id='word_1_375' title='bbox 192 4557 362 4657; x_wconf 86' lang='lat' dir='ltr'>negotio,</span> <span class='ocrx_word' id='word_1_376' title='bbox 390 4570 452 4627; x_wconf 90' lang='lat' dir='ltr'>aut</span> <span class='ocrx_word' id='word_1_377' title='bbox 478 4550 573 4629; x_wconf 91' lang='lat' dir='ltr'>sacili</span> <span class='ocrx_word' id='word_1_378' title='bbox 597 4558 870 4631; x_wconf 88' lang='lat' dir='ltr'>reconventione</span> <span class='ocrx_word' id='word_1_379' title='bbox 896 4557 1112 4633; x_wconf 88' lang='lat' dir='ltr'>innotescere</span> <span class='ocrx_word' id='word_1_380' title='bbox 1133 4580 1295 4655; x_wconf 86' lang='lat' dir='ltr'>poterat.</span> <span class='ocrx_word' id='word_1_381' title='bbox 1322 4557 1461 4634; x_wconf 88' lang='lat' dir='ltr'>Placuit</span> <span class='ocrx_word' id='word_1_382' title='bbox 1487 4579 1610 4632; x_wconf 82' lang='lat' dir='ltr'>tamen</span> <span class='ocrx_word' id='word_1_383' title='bbox 1629 4556 1709 4632; x_wconf 87' lang='lat' dir='ltr'>omil</span> 
     </span>
     <span class='ocr_line' id='line_1_41' title="bbox 192 4654 1709 4760; baseline 0.001 -27"><span class='ocrx_word' id='word_1_384' title='bbox 192 4659 231 4733; x_wconf 89' lang='lat' dir='ltr'>so</span> <span class='ocrx_word' id='word_1_385' title='bbox 258 4657 416 4734; x_wconf 88' lang='lat' dir='ltr'>veritatis</span> <span class='ocrx_word' id='word_1_386' title='bbox 440 4659 635 4751; x_wconf 83' lang='lat' dir='ltr'>examine,</span> <span class='ocrx_word' id='word_1_387' title='bbox 671 4659 867 4733; x_wconf 88' lang='lat' dir='ltr'>breviorem</span> <span class='ocrx_word' id='word_1_388' title='bbox 904 4661 1055 4758; x_wconf 84' lang='lat' dir='ltr'>arripere</span> <span class='ocrx_word' id='word_1_389' title='bbox 1083 4663 1201 4753; x_wconf 91' lang='lat' dir='ltr'>viam,</span> <span class='ocrx_word' id='word_1_390' title='bbox 1238 4662 1421 4736; x_wconf 75' lang='lat' dir='ltr'>interdieia</span> <span class='ocrx_word' id='word_1_391' title='bbox 1448 4662 1546 4760; x_wconf 91' lang='lat' dir='ltr'>gravi</span> <span class='ocrx_word' id='word_1_392' title='bbox 1585 4654 1709 4735; x_wconf 76' lang='lat' dir='ltr'>centia</span> 
     </span>
     <span class='ocr_line' id='line_1_42' title="bbox 191 4757 1709 4863; baseline 0.003 -30"><span class='ocrx_word' id='word_1_393' title='bbox 191 4760 430 4858; x_wconf 89' lang='lat' dir='ltr'>disputatione</span> <span class='ocrx_word' id='word_1_394' title='bbox 456 4760 476 4832; x_wconf 74' lang='lat' dir='ltr'>a</span> <span class='ocrx_word' id='word_1_395' title='bbox 499 4757 651 4835; x_wconf 82' lang='lat' dir='ltr'>saeculari</span> <span class='ocrx_word' id='word_1_396' title='bbox 672 4763 800 4836; x_wconf 89' lang='lat' dir='ltr'>clerico</span> <span class='ocrx_word' id='word_1_397' title='bbox 822 4761 1038 4857; x_wconf 88' lang='lat' dir='ltr'>sustinenda,</span> <span class='ocrx_word' id='word_1_398' title='bbox 1071 4765 1225 4863; x_wconf 89' lang='lat' dir='ltr'>dataque</span> <span class='ocrx_word' id='word_1_399' title='bbox 1255 4765 1301 4838; x_wconf 94' lang='lat' dir='ltr'>ad</span> <span class='ocrx_word' id='word_1_400' title='bbox 1328 4766 1527 4863; x_wconf 88' lang='lat' dir='ltr'>regularem</span> <span class='ocrx_word' id='word_1_401' title='bbox 1563 4757 1709 4862; x_wconf 87' lang='lat' dir='ltr'>proscsso</span> 
     </span>
     <span class='ocr_line' id='line_1_43' title="bbox 189 4858 797 4962; baseline 0.005 -26"><span class='ocrx_word' id='word_1_402' title='bbox 189 4866 237 4937; x_wconf 89' lang='lat' dir='ltr'>ris</span> <span class='ocrx_word' id='word_1_403' title='bbox 258 4858 442 4962; x_wconf 72' lang='lat' dir='ltr'>prolatum</span> <span class='ocrx_word' id='word_1_404' title='bbox 464 4861 626 4961; x_wconf 90' lang='lat' dir='ltr'>sequente</span> <span class='ocrx_word' id='word_1_405' title='bbox 649 4863 797 4939; x_wconf 88' lang='lat' dir='ltr'>scheda.</span> 
     </span>
    </p>

    <p class='ocr_par' dir='ltr' id='par_1_13' title="bbox 293 4964 1709 5072">
     <span class='ocr_line' id='line_1_44' title="bbox 293 4964 1709 5072; baseline 0.001 -32"><span class='ocrx_word' id='word_1_406' title='bbox 293 4966 340 5040; x_wconf 87' lang='lat' dir='ltr'>Ei</span> <span class='ocrx_word' id='word_1_407' title='bbox 362 4966 428 5039; x_wconf 84' lang='lat' dir='ltr'>Rei</span> <span class='ocrx_word' id='word_1_408' title='bbox 451 4990 473 5060; x_wconf 89' lang='lat' dir='ltr'><strong>y</strong></span> <span class='ocrx_word' id='word_1_409' title='bbox 498 4970 530 5040; x_wconf 87' lang='lat' dir='ltr'>ei</span> <span class='ocrx_word' id='word_1_410' title='bbox 562 4964 657 5064; x_wconf 90' lang='lat' dir='ltr'>Papa</span> <span class='ocrx_word' id='word_1_411' title='bbox 681 4973 848 5068; x_wconf 88' lang='lat' dir='ltr'>(aunque</span> <span class='ocrx_word' id='word_1_412' title='bbox 881 4965 934 5044; x_wconf 90' lang='lat' dir='ltr'>sm</span> <span class='ocrx_word' id='word_1_413' title='bbox 963 4969 1134 5059; x_wconf 88' lang='lat' dir='ltr'>meritos)</span> <span class='ocrx_word' id='word_1_414' title='bbox 1156 4970 1331 5072; x_wconf 68' lang='lat' dir='ltr'>poscerant</span> <span class='ocrx_word' id='word_1_415' title='bbox 1356 4998 1408 5045; x_wconf 86' lang='lat' dir='ltr'>me</span> <span class='ocrx_word' id='word_1_416' title='bbox 1433 4967 1591 5060; x_wconf 72' lang='lat' dir='ltr'>custodem</span> <span class='ocrx_word' id='word_1_417' title='bbox 1617 4968 1654 5043; x_wconf 81' lang='lat' dir='ltr'>ia</span> <span class='ocrx_word' id='word_1_418' title='bbox 1674 4990 1709 5042; x_wconf 85' lang='lat' dir='ltr'>ot</span> 
     </span>
    </p>
   </div>
   <div class='ocr_carea' id='block_1_12' title="bbox 192 5067 1709 5250">
    <p class='ocr_par' dir='ltr' id='par_1_14' title="bbox 192 5067 1709 5250">
     <span class='ocr_line' id='line_1_45' title="bbox 192 5067 1709 5250; baseline 0.006 -110"><span class='ocrx_word' id='word_1_419' title='bbox 192 5070 282 5142; x_wconf 80' lang='lat' dir='ltr'>aeis.</span> <span class='ocrx_word' id='word_1_420' title='bbox 310 5091 333 5162; x_wconf 89' lang='lat' dir='ltr'>y</span> <span class='ocrx_word' id='word_1_421' title='bbox 359 5067 439 5147; x_wconf 87' lang='lat' dir='ltr'>sabe</span> <span class='ocrx_word' id='word_1_422' title='bbox 465 5067 510 5145; x_wconf 86' lang='lat' dir='ltr'>V.</span> <span class='ocrx_word' id='word_1_423' title='bbox 539 5074 555 5160; x_wconf 89' lang='lat'>(</span> <span class='ocrx_word' id='word_1_424' title='bbox 567 5094 649 5166; x_wconf 87' lang='lat' dir='ltr'>pues</span> <span class='ocrx_word' id='word_1_425' title='bbox 668 5067 779 5149; x_wconf 86' lang='lat' dir='ltr'>sectio</span> <span class='ocrx_word' id='word_1_426' title='bbox 800 5073 919 5153; x_wconf 83' lang='lat' dir='ltr'>dondc</span> <span class='ocrx_word' id='word_1_427' title='bbox 939 5073 999 5155; x_wconf 88' lang='lat' dir='ltr'>hai</span> <span class='ocrx_word' id='word_1_428' title='bbox 1021 5076 1149 5171; x_wconf 79' lang='lat' dir='ltr'>vitas)</span> <span class='ocrx_word' id='word_1_429' title='bbox 1182 5101 1249 5176; x_wconf 86' lang='lat' dir='ltr'>que</span> <span class='ocrx_word' id='word_1_430' title='bbox 1279 5076 1338 5154; x_wconf 84' lang='lat' dir='ltr'>dei</span> <span class='ocrx_word' id='word_1_431' title='bbox 1360 5100 1468 5177; x_wconf 82' lang='lat' dir='ltr'>cargo</span> <span class='ocrx_word' id='word_1_432' title='bbox 1489 5077 1534 5154; x_wconf 89' lang='lat' dir='ltr'>de</span> <span class='ocrx_word' id='word_1_433' title='bbox 1552 5075 1709 5250; x_wconf 71' lang='lat' dir='ltr'>susdguar</span> 
     </span>
     <span class='ocr_line' id='line_1_46' title="bbox 1471 5197 1680 5250; baseline -0.01 0"><span class='ocrx_word' id='word_1_434' title='bbox 1471 5246 1476 5250; x_wconf 82' lang='lat'>.</span> <span class='ocrx_word' id='word_1_435' title='bbox 1643 5197 1680 5249; x_wconf 85' lang='lat' dir='ltr'>as</span> 
     </span>
    </p>
   </div>
   <div class='ocr_carea' id='block_1_13' title="bbox 0 0 1936 5686">
    <p class='ocr_par' dir='ltr' id='par_1_15' title="bbox 0 0 1936 5686">
     <span class='ocr_line' id='line_1_47' title="bbox 0 0 1936 5686; baseline 0 0"><span class='ocrx_word' id='word_1_436' title='bbox 0 0 1936 5686; x_wconf 95' lang='lat' dir='ltr'> </span> 
     </span>
    </p>
   </div>
  </div>
 </body>
</html>
