3856 5678
776 94 834 149 ’Ἷ

242 299 323 384 434
687 254 1271 356 oaoiuarrorriit

245 429 327 516 (ιι)
351 420 450 500 Nihil
462 418 713 495 innovandum.
738 415 895 495 Censuit·
910 417 1021 494 etiarn
1047 414 1140 492 nihil
1166 415 1417 494 innovandum
1436 413 1574 495 Paulus
1593 416 1643 493 Vi
1671 443 1735 501 au·

193 531 277 608 ditis
313 522 506 600 rationibus
541 522 562 593 l
593 520 773 597 Societate
810 520 847 593 in
881 518 967 594 VII.
1002 518 1294 619 Congregatione
1327 520 1496 596 Generali
1531 522 1736 619 collestie,

194 629 290 732 quod
315 632 350 703 bt
376 626 437 701 alii
462 621 651 699 Pontifices
675 620 953 712 confirmarunt,
980 625 1016 698 bt
1042 621 1189 696 tandein
1222 619 1429 698 Benedidlus
1453 620 1562 699 XIII.
1605 625 1736 701 littorio

193 732 288 809 datis
317 750 375 825 14.
401 725 482 823 Jun.
513 724 646 818 i728.,
680 749 767 823 quas
800 723 907 798 habes
933 726 972 797 in
1005 722 1165 798 llullario
1200 721 1520 822 Lullemburgenfi‚
1560 744 1652 801 torn.
1685 727 1734 806 X.

192 828 316 911 Gonst.
344 851 405 928 45.
431 829 606 906 Rationes
632 829 716 903 verb
740 851 804 923 pro
829 828 1058 902 immunitate
1082 825 1272 902 societatis
1297 828 1335 901 iii
1359 851 1402 903 ea
1428 826 1749 925 congregatione

194 935 355 1013 colieuia
374 935 462 1008 tales
485 950 608 1006 erant.
639 955 670 1005 n.
696 923 804 1023 Qrod
829 928 954 1005 omnir·
974 929 1064 1003 aliur
1087 927 1181 1002 ordo
1202 927 1255 1004 est
1278 930 1366 1003 liber
1391 928 1438 1004 ab
1461 953 1571 1005 onere
1609 930 1725 1008 cinari·

193 1039 230 1114 di
255 1061 344 1134 quos
368 1034 533 1132 expellit.
572 1055 607 1105 2.
633 1027 744 1125 Quod
769 1029 992 1106 dimillorurn
1018 1027 1111 1104 fortit
1145 1030 1265 1106 nullus
1289 1033 1392 1106 donis
1417 1051 1572 1107 narurae·
1592 1053 1729 1129 caret,

193 1136 384 1217 Societatis
417 1134 596 1212 labore&
630 1134 848 1209 educatione
871 1134 1024 1232 politis,
1049 1153 1227 1231 quantuni
1249 1130 1380 1208 sufficit
1407 1134 1453 1207 ad
1479 1131 1543 1212 sibi
1568 1134 1621 1210 de
1640 1137 1734 1214 viuri

194 1240 476 1341 providendum,
503 1235 531 1310 li
556 1232 648 1333 frugi
673 1237 791 1324 vivat3
818 1232 845 1308 si
871 1259 955 1310 vero
979 1235 1182 1333 delinquere
1207 1253 1352 1333 pergat,
1379 1231 1587 1311 fraenandus
1612 1239 1728 1314 inedia

192 1345 332 1444 potius,
357 1365 465 1441 quain
492 1338 637 1436 praernio
673 1337 888 1413 donandus.
926 1333 1092 1412 Infirmos
1118 1355 1238 1412 autem
1264 1336 1324 1413 seu
1360 1337 1538 1413 invalidos
1568 1337 1733 1417 Societas·

194 1468 269 1522 tion
293 1444 466 1540 expellit,
491 1441 607 1515 etiarn
620 1434 699 1514 liiii
717 1439 894 1513 laboribus
919 1440 1084 1515 inutiles.
1124 1458 1160 1536 3.
1185 1434 1296 1534 Qud
1333 1440 1377 1514 iis
1401 1440 1461 1537 qui
1498 1441 1730 1518 dimittuntur

104 1538 112 1552 ’
194 1546 328 1623 alendis
353 1565 431 1620 turn
468 1539 694 1633 novitiatus,
731 1561 808 1616 turn
833 1540 1028 1616 lbidiorurn
1063 1546 1223 1638 ternpore
1257 1547 1293 1619 dr
1317 1544 1413 1617 ultra
1448 1538 1613 1642 sumptus
1644 1541 1729 1623 faeie

191 1647 305 1724 Ordo
320 1646 403 1738 hic,
429 1664 469 1719 ιιι
494 1644 554 1743 qui
580 1644 777 1737 maximoe,
802 1646 909 1719 nullo
928 1643 991 1718 suo
1016 1642 1233 1734 commodo,
1259 1645 1320 1741 qui
1346 1645 1464 1744 potiur
1487 1664 1598 1722 erant
1631 1647 1726 1724 adi·

193 1749 302 1828 missa
327 1746 563 1846 rependendi.
590 1766 627 1842 4.
654 1742 764 1842 Qiod
789 1749 842 1820 vel
867 1747 1099 1822 dimittuntur
1125 1746 1332 1844 importuna
1359 1746 1576 1844 rogatione,
1601 1750 1659 1823 vel
1682 1747 1731 1825 ob

191 1853 318 1928 delida
345 1845 512 1945 religiol'ii
536 1849 680 1947 gravia,
706 1852 743 1925 dt
768 1845 858 1946 saepi:
881 1849 1002 1939 talia,
1038 1845 1162 1946 quibus
1185 1866 1225 1921 ut
1262 1847 1520 1944 incorrigibiles
1558 1850 1581 1924 b
1678 1853 1730 1928 vit

189 1956 322 2032 ordine
340 1950 475 2052 possent
500 1951 645 2048 expelli.
670 1946 824 2048 Quidvis
848 1969 968 2025 autern
993 1952 1125 2024 hoium
1150 1949 1362 2046 contingat,
1388 1944 1552 2026 effrontis
1583 1976 1605 2026 e
1660 1954 1726 2028 ali·

191 2072 468 2234 ll‘tlltt
484 2054 669 2252 ltili
691 2048 1035 2228 Xi‘fie‘ii‘a‘i'ffi
1048 2050 1249 2227 {llll
1274 2049 1748 2254 iiilffiass'fssii'ii'·

189 2253 392 2352 6-..Qiodsi
415 2257 601 2354 praemium
625 2254 696 2330 hoc
722 2255 901 2353 religionis
924 2255 969 2328 de
1005 2272 1116 2330 rtores
1141 2274 1311 2346 maneat,
1336 2255 1447 2332 inniti
1483 2256 1721 2355 provocabnin

190 2379 250 2439 tui
275 2359 322 2434 ad
347 2358 578 2456 repetendum
602 2353 767 2431 sarculum
792 2409 800 2427 .
839 2379 875 2452 7.
900 2352 1011 2450 Quod
1036 2380 1112 2432 non
1150 2381 1264 2455 pauca
1290 2355 1372 2432 lunt
1397 2358 1571 2458 collegia,
1603 2359 1721 2458 qriibna

191 2462 239 2540 ad
274 2461 453 2560 operarios
490 2459 684 2557 reipublicae
720 2458 816 2532 bono
852 2459 988 2532 dicatos
1023 2458 1083 2533 va
1107 2455 1294 2557 suppetunt
1327 2457 1561 2553 facultater',
1587 2484 1664 2562 qux
1683 2462 1718 2535 in

190 2566 329 2641 alienos
350 2564 371 2636 ὲ
396 2581 517 2635 mente
542 2558 775 2635 fundatorum
811 2558 890 2634 usus
914 2557 1187 2656 erogabuntur.
1225 2560 1260 2636 8.
1287 2555 1396 2657 Qiod
1432 2560 1510 2638 Tol
1533 2559 1583 2636 sae
1607 2560 1723 2638 Parla.

188 2684 360 2742 inentuni·
379 2666 420 2738 in
441 2661 558 2735 Gallis
583 2663 671 2734 olim
706 2661 909 2752 judicavit,
944 2661 1107 2758 iniquum
1139 2658 1207 2736 elle
1242 2661 1478 2743 esocieiate

189 2763 368 2871 egreuliin
387 2763 558 2841 alimenta
584 2782 720 2859 petere.
1515 2800 1521 2809 ·

509 2960 1097 3043 out>1ttar10
1200 2963 1418 3046 ocem.

737 3064 846 3141 Anno
874 3071 987 3144 1662.
1016 3064 1076 3143 28.
1101 3064 1172 3163 Jnl.

283 3271 527 3372 congregatio
552 3267 709 3346 Concilii
737 3266 918 3384 sequentes
941 3269 1055 3344 edidit
1080 3267 1333 3347 resolutionesr.
1360 3270 1501 3372 Nempe
1528 3271 1551 3349 a
1575 3274 1654 3353 Lic.
1673 3273 1721 3350 l),

251 3375 287 3436 λ
309 3374 553 3451 Emmanuele·
571 3374 619 3446 de
642 3373 815 3448 Perinlnla
839 3370 1031 3447 Canonico
1066 3371 1257 3449 Dodlorali
1282 3375 1326 3447 de
1346 3376 1394 3449 lis
1417 3380 1569 3452 chaam
1603 3376 1715 3474 Judioe

187 3478 477 3574 Metropolitano
503 3475 782 3572 appellationum
806 3471 988 3573 quasurnn
1014 3495 1112 3549 erat.
1157 3496 1187 3548 i.
1214 3474 1279 3567 An
1308 3480 1624 3576 quemadinodum-
1645 3477 1718 3576 Epi·

188 3578 311 3675 scopin
334 3575 489 3650 edidum
515 3574 561 3646 ad
586 3597 736 3647 examen
761 3579 797 3651 δι
821 3572 1061 3670 provisionem
1089 3566 1351 3673 parochialium
1374 3603 1458 3657 curn
1489 3584 1645 3659 terminu
1660 3580 1717 3655 de·

189 3705 270 3760 cem
295 3677 434 3754 diuitum
459 3675 761 3773 proponam,
800 3672 913 3773 potest
936 3699 983 3754 eir
1016 3675 1256 3773 Tridentino,
1292 3704 1361 3782 cap.
1390 3679 1450 3758 18.
1473 3682 1549 3778 [ιφ
1585 3704 1640 3781 ²4
1662 3684 1713 3756 De

190 3778 340 3877 Reform.
377 3801 604 3957 prorffare„
641 3773 747 3877 polfit
781 3777 894 3852 etiarn
927 3780 973 3853 ad
1005 3799 1161 3954 puatuor
1198 3783 1254 3856 vel
1277 3781 1337 3857 sear
1373 3782 1448 3862 diet
1480 3785 1721 3865 abbreviare?

201 3908 247 3961 o:-
268 3908 304 3959 2.
332 3881 450 3972 Anei
487 3880 593 3956 rnodi
613 3878 900 3972 abbreviatione,
938 3883 1126 3979 praeertini
1152 3881 1214 3958 hic
1237 3884 1301 3983 ubi
1322 3884 1369 3961 ob
1393 3912 1564 3988 magnam
1598 3885 1721 3963 dilian-

33 3992 57 4021 “‘
191 3987 281 4063 tiani
306 3987 419 4061 edida
445 4008 505 4082 per
529 3981 687 4060 inensem
713 3978 843 4079 pialigt
868 3980 1147 4078 consueverunt,
1174 3980 1329 4086 provillo
1353 3992 1455 4066 nulia
1479 3987 1573 4066 liat?
1614 4010 1657 4062 ra
1687 4004 1728 4085 ς.

191 4088 257 4164 An·
277 4089 420 4188 quando
445 4086 483 4159 in
515 4084 656 4160 duabun
685 4079 839 4160 ecclesiia
861 4085 1020 4162 edium
1049 4088 1293 4185 proponitur,
1320 4110 1441 4167 currat
1463 4115 1509 4166 ex
1545 4115 1629 4191 quo
1658 4091 1727 4190 pri·

190 4215 293 4267 tuum
319 4187 470 4264 affinio
492 4183 554 4277 sit,
581 4187 636 4260 vel
663 4210 714 4260 an
733 4188 993 4284 expedlandunr
1014 4185 1058 4262 lit
1083 4189 1178 4287 quod
1204 4191 1344 4268 labatur
1369 4193 1541 4269 terminus
1576 4216 1623 4271 ear
1654 4213 1726 4291 quo

191 4291 325 4368 ultimo
348 4284 420 4364 fuit
443 4285 644 4386 prolixum,
672 4289 727 4362 ita·
748 4306 791 4364 ut
814 4285 844 4363 fi
867 4313 950 4365 nnn*
966 4293 1189 4388 expedietur,
1215 4294 1372 4391 provisio
1394 4293 1437 4371 li't
1461 4295 1565 4372 irrita
1591 4293 1719 4373 &nul-

191 4395 257 4468 lu?
279 4411 318 4466 :a
331 4413 368 4488 4.
380 4390 439 4466 An
450 4385 660 4489 Capintluin
685 4386 775 4468 sede
791 4412 950 4471 vacante·
965 4389 1077 4468 scient
1101 4391 1159 4468 Ill.
1174 4395 1526 4494 illphonsuinOeoir
1546 4398 1618 4473 rita
1634 4388 1720 4468 fitn-

189 4499 283 4575 flum
308 4493 522 4585 iudicialiter
544 4489 697 4592 privalle
715 4491 887 4570 beneficio
910 4515 1036 4572 curato
1061 4494 1098 4572 S.
1125 4492 1241 4573 Luca
1257 4498 1303 4575 de
1326 4498 1505 4578 Faatnllo·
1535 4496 1727 4589 mmm

189 4599 235 4674 de
269 4596 437 4675 Cordoba
472 4595 519 4673 ob
544 4621 619 4672 non
654 4595 829 4674 servatam
853 4594 1010 4674 formam
1045 4598 1251 4676 Tridentini
1286 4603 1355 4677 lora
1381 4606 1443 4680 eir.
1483 4605 1523 4679 in
1560 4601 1729 4680 ex'amioe

190 4726 318 4776 corani
338 4697 490 4777 Praelato
517 4700 676 4790 aureius
702 4697 848 4775 Vicario
874 4698 1067 4792 Generali,
1093 4706 1130 4778 bt
1156 4702 1263 4778 tribus
1288 4704 1595 4783 examinatoribus
1621 4704 1726 4801 syno-

187 4802 348 4893 dalibus,
374 4799 637 4900 provisioneque
661 4797 753 4876 farta
779 4802 940 4878 nondum
969 4800 1143 4879 transitio
1167 4799 1226 4882 seir
1251 4807 1388 4883 dierum
1414 4831 1569 4884 numero
1596 4827 1727 4908 propo

7 4881 51 4927 s
190 4902 260 4985 sno
292 4904 330 4979 in
356 4906 535 4985 euuoax
569 4926 646 5003 quo
665 4904 798 4984 nnio
831 4903 977 4981 ιιιιιω
1002 4905 1085 5000 ιιι,
1120 4907 1264 5008 aarum
1289 4910 1333 4985 ae
1360 4909 1471 4991 caan
1507 4909 1726 4989 semitam

189 5006 391 5084 executioni
415 5004 621 5099 mandaffe,
646 5027 722 5081 non
747 5004 869 5084 audita
895 5009 1153 5107 appellatione,
1179 5011 1369 5088 accedente
1395 5013 1544 5114 petroni
1577 5010 1729 5192 crpulen-

1629 5144 1651 5190 u
1665 5172 1677 5209 a
