3864 5686
399 282 732 391 Aroisror
758 332 771 389 1
797 331 826 391 c
849 332 911 391 ar.
969 316 1086 408 17662·
1134 332 1244 409 1700..
1461 326 1544 414 5525·

53 462 107 534 eis
127 454 303 554 deputatis
328 454 557 552 presbyteris,
579 480 689 552 qrtam
715 457 878 530 loconun
904 453 1109 530 Ordinariis
1130 478 1214 529 cum
1239 451 1427 551 neilphytis
1462 453 1586 549 India·

28 584 158 651 rum,
185 559 403 655 aliarumque
427 559 616 653 regionum
626 558 858 632 orientalium
870 611 882 649 ,
908 558 946 630 in
971 580 1194 656 quocumque
1206 552 1266 634 seu
1290 555 1485 654 quibusvis,
1511 580 1588 632 non

57 661 242 737 tamenin
269 661 407 758 primo,
433 655 751 757 consanguinitatis
777 684 839 734 aut
868 656 1052 733 affinitatis
1078 658 1263 759 gradibus,
1303 660 1358 734 vel
1384 659 1473 733 alias
1503 682 1588 733 con·

54 764 179 854 innuis
202 759 262 837 seu
286 759 321 835 se
347 762 601 854 attinentibus,
627 781 667 837 ut
703 761 979 836 matrimonium
1015 760 1107 835 inter
1131 758 1166 837 se
1193 761 1430 852 contrahere,
1462 757 1522 835 seu
1548 761 1597 835 in·

55 888 103 941 eo
125 865 238 940 etiam
261 861 412 939 scienter
436 867 621 940 contrado
642 886 826 940 remanere
853 865 1020 941 ualeam:
1054 861 1172 965 Diels
1194 863 1340 960 qnidam
1375 862 1584 960 presbyteris

57 967 96 1041 in
121 965 211 1041 locis
234 965 295 1040 ubi
319 963 505 1041 Ordinarii
532 991 605 1041 non
631 966 794 1057 adsunt,
830 968 887 1040 vel
913 964 1006 1039 ultra
1031 962 1120 1057 duas
1154 965 1266 1039 dictas
1289 964 1388 1052 juxta
1423 963 1597 1040 constitu·

17 1102 22 1109 ·
60 1071 199 1149 tionem
222 1065 327 1143 Pauli
351 1065 468 1143 Tertii
495 1067 677 1143 exiliunt:
713 1065 777 1163 ipsr
802 1066 891 1141 verb
919 1065 1109 1161 ordinariis
1132 1065 1191 1141 ubi
1217 1064 1406 1165 presbyteri
1441 1065 1502 1165 ipsr
1529 1065 1590 1140 ad·

55 1169 162 1261 funt,
187 1169 242 1245 vel
265 1193 394 1245 eorum
417 1172 607 1245 cotrnnode
631 1169 754 1259 haberi
777 1167 897 1264 potest·
918 1169 1042 1263 copia,
1068 1170 1114 1244 de
1137 1191 1264 1244 eorum
1292 1188 1462 1271 tanquam
1490 1168 1601 1252 adiu·'

59 1280 181 1349 totum
206 1276 243 1348 dt
268 1268 468 1346 affelsorum
493 1262 676 1363 oonfflio',
714 1275 753 1347 δι
773 1294 857 1345 cum
884 1271 973 1360 illis;
1009 1269 1069 1343 ubi
1095 1289 1217 1345 autem
1242 1293 1317 1344 non
1356 1266 1506 1361 adsunt,
1531 1292 1619 1344 new,
1756 1365 1759 1383 Ι

59 1398 128 1472 que
152 1397 279 1448 eorum
305 1373 427 1449 haberi
453 1368 580 1473 potest‘
599 1396 646 1446 cn
669 1374 702 1447 ia
717 1384 735 1461 ‘,
759 1374 872 1453 etiam
899 1370 971 1446 stne
1007 1372 1088 1450 illis·
1102 1373 1139 1446 in
1164 1392 1317 1473 utroque
1350 1369 1432 1450 foro
1456 1370 1593 1470 dispen-

58 1475 180 1550 sandi.
206 1474 254 1551 Et
280 1499 375 1567 eos,
407 1476 469 1575 qui
497 1476 535 1548 in
571 1474 627 1566 eju
642 1473 742 1550 modi
766 1472 931 1571 gradibus
962 1487 1244 1566 contraxerunt,
1283 1473 1523 1564 absolvendi,
1558 1477 1597 1551 dt

58 1580 196 1676 prolem
221 1578 423 1675 legitimam
446 1574 680 1666 decernendi.
705 1574 784 1651 Nec
808 1598 882 1649 non
907 1572 1039 1651 eisdem
1064 1575 1330 1672 presbyteris&
1363 1576 1554 1651 ordinariis
1580 1588 1602 1667 ,⁶

58 1677 206 1760 servatis
240 1683 408 1755 locorum
441 1678 711 1755 circumstantiis
745 1681 783 1756 bt
818 1675 1095 1753 limitationibus
1119 1677 1288 1768 ejusmodi
1314 1701 1434 1771 ,cum
1463 1673 1596 1753 eisdem

59 1781 250 1880 neiiphytis
274 1783 388 1857 etiam
410 1780 449 1854 in
476 1782 592 1876 priano
625 1778 739 1876 gradu
771 1780 874 1854 reslae
899 1780 1000 1857 linoae
1024 1778 1209 1856 affinitatis
1233 1803 1277 1854 ert
1301 1782 1429 1878 copula
1469 1779 1595 1855 illinita
1695 1860 1698 1864 ,

59 1881 264 1960 resultantis
286 1879 321 1955 fe
347 1881 601 1970 attinentibus,
633 1886 676 1957 ιιι
711 1883 986 1956 matrimonium
1012 1881 1107 1957 inter
1142 1879 1177 1958 se
1202 1881 1438 1973 contrahere,
1472 1879 1533 1956 seu
1559 1881 1600 1954 in

59 2009 107 2060 eo
132 1985 243 2060 eriam
269 1981 419 2059 scienter
454 1985 641 2058 contrado
676 2006 858 2063 remanere
883 1983 1052 2074 valeant,
1090 1985 1128 2057 in
1154 1987 1303 2072 occultis
1340 2005 1466 2058 tamen
1498 1987 1535 2061 dt
1560 1985 1613 2058 in-

58 2084 143 2160 foro
169 2084 394 2159 conscientiae
419 2101 586 2176 tantum,
610 2089 647 2159 dt
672 2085 874 2181 urgentibus
897 2084 992 2174 justis
1018 2083 1130 2159 causas
1155 2084 1398 2183 dispensandi,
1437 2090 1473 2162 ὅ(
1498 2109 1600 2179 cos„

60 2189 118 2285 qui
145 2186 390 2262 contraxerint
427 2184 628 2260 absolvendi
649 2182 879 2284 ssflDisiisque
916 2185 1117 2282 Ordinariis
1154 2188 1243 2262 alios
1268 2189 1487 2285 presbyteros
1523 2187 1601 2262 ido·

60 2312 170 2379 neos,
194 2287 254 2362 ubi
279 2310 356 2362 non
390 2283 460 2361 fint
496 2285 704 2360 miffionarii
730 2284 880 2362 sunilern
915 2283 1127 2364 facultatem
1152 2288 1323 2365 habentes
1357 2289 1479 2388 quoad
1553 2380 1556 2385 η
1650 2378 1657 2388 ἱ

57 2387 160 2464 missa
188 2390 227 2464 in
249 2386 303 2464 sui
328 2389 451 2461 locnin
487 2385 771 2483 subdelegandi,
808 2384 963 2487 facultas
989 2392 1034 2465 ad
1062 2391 1189 2484 viginti
1225 2414 1338 2464 annos
1363 2390 1482 2464 a't'die
1531 2414 1601 2467 atae

59 2492 240 2578 valitura,
274 2509 350 2562 tam
387 2489 508 2585 quoad
537 2487 796 2586 presbyteros,
830 2498 938 2587 quam
964 2491 1085 2589 quoad
1109 2488 1323 2566 Ordinatios
1357 2493 1618 2569 conceditur..

60 2590 200 2663 Omnia
225 2591 459 2666 matrimonia
485 2587 561 2686 post
585 2591 785 2688 expiratam
809 2584 1024 2667 facultatem-
1047 2615 1091 2666 ert
1115 2592 1376 2690 dispensatione
1418 2595 1603 2673 alias'ritb
1698 2607 1699 2611 ’

62 2693 246 2768 contrasta
271 2693 311 2766 in
334 2693 454 2767 radice
479 2692 753 2767 resalidantur.
793 2689 824 2766 li
854 2691 938 2766 verb
962 2694 1024 2792 qui
1047 2683 1330 2792 dispensarunt,
1358 2720 1423 2792 pro
1456 2719 1499 2772 ea
1528 2714 1605 2772 tan·

61 2793 143 2868 tiam
170 2795 249 2869 vice
274 2813 315 2868 ut
343 2792 591 2884 absolvantur,
618 2790 771 2868 facultas
796 2795 940 2868 datur.
976 2794 1088 2873 Extat
1115 2797 1178 2872 cit.
1207 2818 1298 2873 torn.
1324 2797 1429 2874 xlv.
1466 2797 1603 2877 Rullar.

60 2893 107 2970 C.
138 2902 222 2993 146.
248 2892 368 2972 Clem.
393 2893 481 2971 ΧΠ.
509 2895 640 2993 Incipit
667 2900 754 2970 Cum
780 2895 946 2972 dudam(
1536 2926 1539 2930 ³

412 3138 417 3145 -
507 3048 1244 3203 ADNOTA†1.0NEs.<

93 3306 184 3392 ’(ι)
201 3306 289 3392 Jm
314 3301 457 3378 dadum
483 3300 623 3405 Nempe
658 3304 742 3377 tntis
780 3294 947 3378 terdecitn
975 3307 1079 3380 annis
1102 3361 1112 3380 .
1138 3305 1194 3381 Ex
1218 3329 1293 3407 quo
1316 3322 1439 3405 patet,
1476 3302 1605 3393 sunda*
1637 3378 1652 3391 ,
1687 3358 1691 3367 ·

63 3424 302 3480 mentumaex
325 3401 625 3500 eodesttmptum
651 3404 747 3503 qubd
774 3405 906 3482 Roma
929 3403 1014 3481 esset
1039 3409 1100 3507 qui
1130 3434 1195 3507 pro
1220 3407 1342 3487 officio
1367 3416 1501 3504 peteret
1527 3428 1610 3505 pro-

63 3507 293 3602 rogationem
319 3503 536 3580 facultatum
556 3508 825 3598 ·vicennalium,
851 3501 919 3583 else
945 3508 1237 3603 male-firmum,
1262 3533 1302 3586 ut
1331 3530 1415 3585 ante
1442 3510 1609 3607 praetiiam

63 3609 328 3706 prorogationis
353 3605 454 3683 fa&
478 3609 650 3684 notitiam
677 3611 926 3707 procederetur
951 3613 988 3684 in
1013 3612 1101 3702 usu3
1128 3636 1215 3687 nam
1239 3614 1405 3711 quamvis
1428 3609 1513 3688 esset
1547 3611 1608 3711 qui

62 3733 108 3783 ex
134 3708 257 3783 officio
282 3731 440 3807 peteret,
464 3713 514 3810 =dt
539 3731 616 3785 erat
641 3711 700 3809 qui
739 3734 783 3785 ex
810 3707 1005 3807 fragilitate
1030 3717 1243 3805 memoria,¹
1275 3716 1410 3788 rel-ex
1447 3715 1610 3813 negotio-

60 3834 145 3885 rum
172 3813 405 3888 multitudine
439 3814 477 3886 in
501 3815 652 3907 petendi
689 3811 905 3907 oblisionem
940 3815 1184 3889 induceretur.
1225 3814 1275 3888 Et
1298 3814 1459 3911 quamvis
1492 3817 1609 3915 petita

63 3909 153 3988 esset
178 3915 390 4010 prorogatio
415 3933 555 4010 poterat
581 3915 728 4011 negari,
752 3915 808 3987 vel
832 3912 986 3992 rellrissa
1012 3917 1188 4005 concedi,
1214 3919 1252 3991 dt
1275 3916 1406 3991 notitia
1446 3917 1610 4011 negatio,-

60 4015 141 4105 nis,
167 4017 224 4088 vel
248 4014 473 4089 reifridionis
498 4017 536 4088 in
563 4034 663 4088 tanta
691 4012 854 4091 locorum
890 4014 1056 4090 dillantia
1083 4013 1326 4093 intercidisse.
1359 4015 1611 4092 Patet'etiarh

61 4117 157 4191 rede
183 4112 289 4212 egisse
308 4113 548 4192 miffionarios
570 4112 931 4212 olim-suspendentes
951 4117 990 4192 in
1010 4115 1116 4194 sunili
1142 4115 1225 4194 'casu
1245 4112 1464 4196 facultatum
1485 4115 1612 4208 usum;

62 4218 164 4314 quod
191 4220 229 4293 in
253 4219 331 4293 hnc
357 4219 462 4294 verba
488 4217 597 4294 refert
625 4218 827 4293 Avendafio
853 4220 930 4308 (a)
955 4224 1024 4294 Pro
1058 4220 1228 4295 obtinenda
1254 4224 1510 4320 prorogatione
1536 4218 1615 4320 post

62 4321 249 4416 expletum
276 4325 473 4396 ternunum
496 4319 688 4419 specialem
712 4318 834 4395 Patres
862 4345 988 4395 omnes
1013 4321 1208 4399 Generales
1233 4324 1460 4420 diligentiam
1486 4323 1614 4421 praesti-

62 4441 210 4512 terunt3
235 4425 321 4520 quia
348 4421 434 4496 verb
460 4425 555 4498 circa
585 4426 655 4498 lroc
681 4422 871 4497 oblivionis
895 4425 1052 4554 aliptstd,
1080 4445 1142 4499 aut
1168 4421 1288 4499 nescio
1313 4426 1399 4518 quid
1435 4426 1533 4499 aliud
1559 4426 1614 4501 in·

63 4525 220 4598 tersenis
247 4523 323 4622 post
340 4523 487 4602 Urbani
516 4524 622 4600 Vlll.
651 4524 941 4623 prorogationem
980 4528 1159 4613 expletam
1194 4531 1292 4618 (15.
1315 4526 1413 4624 Sept.
1444 4533 1554 4621 1649.
1577 4531 1614 4618 l,

60 4623 147 4701 usus
172 4628 221 4702 al'
247 4652 376 4705 uorum
404 4628 661 4722 temporalium
688 4629 955 4727 privilegiomm
980 4623 1149 4723 cessauit,
1172 4627 1290 4702 donec
1316 4628 1375 4702 ab·
1397 4624 1616 4717 Innocentio

60 4726 113 4806 X.
135 4734 158 4821 <
184 4753 218 4805 ι.
282 4734 490 4827 art.1649.
518 4733 533 4818 )
558 4727 608 4808 est
634 4729 848 4831 impetrata,
872 4734 911 4806 bt
934 4728 1192 4843 quidemante
1216 4730 1399 4831 expletum
1432 4728 1614 4905 tempas,

63 4888 73 4901 η
1367 4856 1371 4863 ·
1517 4855 1537 4905 e

710 4990 713 4995 ,
839 4912 1614 4993 ῡ--ὰι-έ·“ιι-Ᾰ-------η-ι--κ-

100 5071 164 5146 (ι)
181 5075 302 5134 Αυηιί.
324 5073 442 5135 tit-'rm
464 5070 600 5147 Thalam-
621 5084 683 5140 rap.
700 5081 737 5140 '3.
756 5089 786 5129 rr.
800 5076 854 5142 fin.
1023 5148 1058 5226 X

1067 5171 1125 5223 XX
1177 5169 1202 5222 2
