3856 5678
241 330 324 410 mu
654 302 1245 389 Ountunttouns

190 448 349 548 legitime
374 444 541 540 coufeffi,
567 466 680 544 neque
705 442 811 519 semel
837 441 979 543 singulis
1005 441 1129 532 annis,
1155 462 1268 540 neque
1291 461 1374 518 reto
1401 444 1528 517 mortis
1564 464 1718 543 urgente

187 552 386 627 discrimine
412 551 740 625 communicantur.
767 546 939 644 Adeoque
964 550 999 623 id
1023 550 1088 627 usu
1111 564 1291 641 receptum
1309 540 1382 634 cll,
1409 543 1504 623 urst
1527 544 1718 623 contrahe·

188 655 218 727 ri
245 652 450 751 contingat,
474 677 550 727 non
575 655 650 727 leve
676 644 882 725 scandalum
905 650 1070 729 homiues
1091 662 1231 747 putent.
1257 644 1305 722 Et
1331 670 1397 743 pro
1420 646 1512 721 virili
1550 646 1718 727 excursus

187 753 257 837 hac
281 752 558 845 consuetudine,
582 752 768 829 concludit-
789 751 863 841 jam
887 753 1037 827 omuino
1062 742 1129 825 elle
1157 748 1372 825 tollendam.

286 854 354 945 „De
380 880 449 954 quo
474 848 608 941 subjicit
642 851 853 927 sententiam
878 851 1033 931 Concilii
1067 848 1240 929 usensis
1265 848 1319 925 ll.
1350 848 1581 931 provincialis
1618 874 1718 929 amu

193 966 304 1057 1567.
338 957 503 1031 celebrati
529 962 627 1045 (a):
690 980 854 1049 uunquam
878 979 1002 1031 omnes
1036 951 1216 1029 christiani
1252 952 1364 1027 adulti
1400 950 1579 1050 uniusque
1613 950 1718 1029 [σιὼ

191 1078 379 1135 teneantur
402 1056 663 1133 Smttiffimnn
703 1054 913 1131 'ucharistiae
948 1055 1220 1134 Sacramentum
1256 1054 1419 1149 accipere.
1435 1050 1578 1153 singulis
1614 1056 1718 1133 an't

190 1160 317 1237 saltem
341 1159 379 1233 in
403 1156 594 1257 paschate,
622 1178 743 1234 tamen
767 1157 869 1247 hujus
894 1155 1089 1233 Provinciae
1116 1153 1320 1250 Antistites,
1345 1178 1430 1229 cum
1455 1158 1718 1251 adverterent,

191 1282 334 1359 gentem
358 1261 452 1335 hanc
478 1259 650 1335 Indorum
674 1266 911 1337 &recentem
934 1258 1021 1351 effe,
1046 1266 1083 1338 dt
1108 1255 1310 1333 infantilem
1335 1258 1374 1331 in
1399 1253 1492 1351 fide,
1531 1275 1641 1358 atque
1664 1258 1718 1337 ita

88 1428 94 1437 .
192 1366 335 1440 illorum
360 1356 463 1436 saluti
489 1363 651 1459 expedire
675 1364 895 1452 judicarent,
920 1360 1116 1439 statuerumt
1141 1381 1181 1436 ut
1205 1357 1312 1457 usque
1337 1359 1424 1433 dum
1457 1356 1569 1435 fidem
1603 1356 1718 1459 perle-

193 1463 245 1541 dle
272 1484 454 1553 tenerent,
481 1462 553 1537 hoc
578 1464 702 1540 divino
726 1464 974 1555 sacramento,
997 1465 1092 1561 quod
1127 1459 1178 1537 est
1213 1456 1446 1558 persceoran
1481 1460 1608 1553 cibus,
1642 1484 1718 1539 non

192 1564 560 1656 communicarentur,
584 1586 733 1663 excepto
758 1560 785 1637 fi
809 1565 886 1661 quis
910 1566 943 1637 ei
970 1563 1194 1663 percipiendo
1219 1560 1303 1637 satis
1329 1562 1474 1635 idoneus
1499 1562 1680 1651 videretur
1707 1616 1718 1637 .

192 1663 379 1762 annium
402 1663 486 1739 verb
509 1666 709 1764 complures
731 1668 803 1754 jam
830 1664 1003 1741 Indorum
1026 1662 1107 1739 ftdei
1132 1662 1328 1739 christianae
1352 1663 1555 1737 doetrinam
1587 1664 1718 1741 mla

193 1768 540 1966 ffilssss‘lelffi
555 1767 830 1968 ,llhdlllll
862 1763 1141 1945 lltlllh
1150 1761 1718 1965 ”hrllllslhh‘gllld

370 1920 382 1957 t
825 1923 838 1960 t
1282 1928 1285 1933 ·
1706 1916 1718 1961 Ι

192 1972 326 2068 placuit
349 1967 431 2043 huic
453 1968 588 2043 Sandae
611 1968 757 2064 synodo
779 1992 949 2061 monere,
975 1987 1077 2065 prout
1103 1967 1193 2044 scrib
1230 1989 1353 2043 monet
1390 1990 1515 2041 omnes
1550 1965 1718 2051 Indorum

218 2070 389 2160 arochos,
413 2087 454 2143 ut
477 2094 565 2169 quos
590 2072 712 2146 audita
735 2070 807 2158 jatn
834 2068 1047 2145 confessione
1073 2067 1329 2167 perspexerint,
1355 2068 1451 2145 htmc
1470 2066 1646 2145 ccelellem
1670 2070 1718 2147 εἰ

192 2098 279 2247 bun
305 2172 326 2243 l
351 2171 486 2267 reliquo
508 2172 686 2269 corporali
711 2170 923 2263 discernere,
950 2193 1056 2269 atque
1079 2170 1231 2245 eundem
1254 2168 1385 2245 devote
1422 2192 1549 2267 cupere
1581 2174 1619 2249 dt
1655 2194 1718 2269 pu·

193 2270 309 2365 scere,
333 2274 505 2369 quoniam
529 2271 601 2347 fine
627 2271 734 2353 causa
759 2274 939 2347 neminem
964 2273 1088 2347 diuino
1117 2272 1291 2345 alimento
1326 2272 1464 2369 privare
1563 2362 1567 2369 Ι
1706 2324 1718 2365 ,

187 2398 266 2473 ¹quo
292 2396 450 2469 tempore
475 2377 605 2449 ceteris
630 2372 824 2449 christianis
848 2374 985 2465 solent,
1009 2372 1106 2448 ludis
1131 2373 1242 2447 etiam
1265 2370 1432 2447 omnibus
1465 2371 1718 2460 amussim.

296 2472 411 2563 Huius
445 2474 701 2551 constitutionis
735 2473 1030 2550 inobservantiam
1064 2476 1161 2551 dolet
1200 2470 1330 2549 Acosta
1366 2496 1500 2549 novem
1636 2498 1718 2553 uam

195 2576 295 2655 edita
321 2572 371 2651 est
395 2576 496 2650 annis
520 2576 690 2651 scribens.
716 2574 821 2653 Unde
848 2577 888 2650 in
912 2573 1074 2674 sequente
1093 2572 1263 2651 Concilio
1287 2572 1517 2673 am01583.
1687 2594 1718 2653 tn

193 2700 284 2853 :ill
303 2674 1299 2874 sllt‘tllhl'50‘l⁰htt¹ltlf⁸stultitia
1330 2675 1455 2876 *tlt
1473 2675 1718 2855 illim

936 2836 946 2854 .
1309 2832 1322 2870 ,
1489 2858 1502 2875 ,

194 2880 285 2953 lium
308 2902 354 2951 ex
377 2876 445 2953 hac
471 2880 544 2953 rita
570 2878 739 2975 migranti
763 2900 870 2976 negat
895 2901 1011 2955 mater
1034 2875 1214 2970 Ecclesia,
1238 2879 1361 2955 multis
1383 2874 1512 2954 abhinc
1536 2878 1641 2953 annia
1668 2876 1718 2955 la

193 2980 249 3053 dis
282 3000 387 3077 atque
421 2977 681 3077 AEthiopibus,
714 2978 912 3079 caterisque
946 2978 1100 3080 personis
1135 2979 1386 3055 miserabilibus
1418 2976 1561 3075 praeberi
1597 2976 1718 3067 debr!

195 3078 403 3155 Concilium
427 3076 592 3156 Limense
616 3080 819 3157 constituit.
843 3081 914 3157 Sed
939 3102 1062 3157 tamen
1086 3079 1310 3156 sacerdotum
1344 3080 1498 3179 pluium
1533 3079 1590 3155 vel
1614 3080 1718 3179 ηιμ·

192 3183 346 3282 genua,
372 3182 428 3255 vel
453 3184 530 3257 zelo
554 3184 712 3280 quodam
738 3182 965 3284 prepostero,
991 3202 1096 3281 atque
1121 3180 1389 3279 intempestivo,
1414 3182 1486 3255 illis
1509 3181 1626 3257 nihilo
1650 3206 1718 3261 ma

192 3285 247 3379 gis
270 3282 378 3356 hodie
404 3284 594 3380 praebetur.
619 3281 705 3379 Quo
739 3282 804 3376 lit,
840 3304 880 3359 ut
916 3284 1106 3360 imbecilles
1141 3285 1269 3359 animae
1295 3300 1397 3358 tanto
1422 3284 1541 3375 bono,
1578 3300 1718 3383 tamqut

200 3382 392 3459 necessario
415 3383 640 3460 fraudentur.
669 3386 801 3459 Volent
826 3386 932 3483 igitur
957 3386 1086 3461 Sandta
1110 3384 1272 3479 Synodus
1297 3384 1342 3459 ad
1367 3387 1617 3461 executionem
1641 3408 1718 3483 per·

193 3486 322 3559 ducem
346 3508 424 3580 qun
446 3482 589 3559 Chrillo
614 3485 705 3559 duce
729 3484 774 3559 ad
798 3482 949 3561 salutem
972 3484 1145 3563 Indorum
1169 3486 1334 3579 ordinata
1358 3482 1459 3578 sunt,
1495 3483 1615 3561 sacre
1639 3508 1718 3585 pro

188 3584 282 3683 cipit
313 3583 478 3659 omnibus
514 3585 696 3683 parochis,
722 3609 761 3663 ut
787 3592 944 3663 extreme
968 3586 1206 3663 laborantibus
1232 3585 1331 3660 Indis
1356 3606 1462 3685 atque
1486 3584 1718 3685 AEthiopibm

192 3685 369 3759 viaticum
392 3683 590 3763 ministrare
615 3712 690 3762 non
714 3690 985 3785 pratermittant
1005 3743 1018 3780 ,
1042 3688 1240 3762 dummodo
1264 3688 1302 3761 in
1326 3689 1376 3761 eis
1399 3686 1556 3763 debitam
1580 3684 1718 3785 dispari

196 3788 337 3861 tionem
362 3786 577 3885 agnoscant,
613 3812 740 3887 nempe
775 3786 883 3864 fidem
919 3790 956 3862 in
989 3787 1169 3863 Chrishtm
1205 3792 1241 3865 dt
1265 3790 1510 3885 penitentiam
1538 3789 1575 3863 in
1599 3786 1718 3867 Delam

193 3883 259 3961 suo
282 3888 396 3961 modo
421 3942 431 3962 .
459 3942 468 3961 .
497 3942 507 3963 .
534 3942 543 3961 .
570 3887 685 3965 Porri)
709 3890 880 3987 parochi,
913 3890 973 3987 qui
999 3890 1021 3963 h
1045 3891 1159 3989 prima
1182 3886 1286 3979 hujus
1309 3890 1439 3969 decreti
1466 3886 1718 3987 promulgatio

193 4010 239 4062 nc
264 3990 479 4087 negligentes
503 3988 657 4085 fuerint,
682 3992 845 4065 noverint
871 3988 906 4064 sc
930 4012 1054 4088 praeter
1074 3991 1198 4065 divinae
1219 3991 1364 4066 ultionis
1388 3991 1581 4093 judicium,
1607 3992 1718 4069 etiam

192 4112 315 4185 prenae
338 4090 485 4167 arbitrio
507 4088 804 4184 ordinariorum,
832 4091 868 4165 in
892 4116 966 4191 quo
990 4088 1211 4167 conscientia
1234 4113 1447 4185 onerantur,
1471 4092 1645 4169 daturos:
1672 4110 1719 4173 at·

192 4212 330 4365 qu'erebnd
350 4189 604 4269 visitationibus
636 4194 679 4267 in
711 4192 791 4269 illos
823 4193 870 4267 de
892 4192 996 4285 hujus
1021 4192 1142 4271 slatuti
1167 4191 1410 4270 observatione
1446 4190 1650 4291 specialiter
1675 4194 1718 4271 ia

215 4317 250 4365 ar
328 4318 407 4367 ron.

193 4315 216 4385 q
294 4390 356 4469 De
382 4392 556 4469 Indorum
581 4396 834 4471 communione
859 4396 898 4473 in
922 4392 1087 4497 paschate
1111 4390 1293 4475 serment
1318 4396 1357 4471 in
1382 4419 1461 4496 cap.
1485 4394 1555 4494 seq.
1580 4399 1624 4471 h
1643 4390 1718 4494 μβ

191 4493 289 4567 abate
310 4494 436 4570 saltem
455 4494 704 4571 eucharistiam
729 4494 924 4573 ministrare
948 4498 1122 4597 parochus
1157 4522 1231 4574 nun
1257 4498 1595 4596 praetermittatis,
1631 4494 1718 4595 quur

192 4596 230 4669 dt
254 4589 337 4667 satir
363 4592 539 4671 instruens
563 4601 600 4675 bt
622 4601 835 4673 comentem
861 4600 944 4676 ritae
965 4600 1114 4679 idoneos
1137 4600 1369 4691 judicaverit:
1403 4624 1449 4676 ne
1473 4602 1511 4676 dt
1535 4594 1606 4697 ipse
1635 4597 1718 4673 alio

196 4694 257 4789 qui
281 4691 500 4771 ecclefinllici
525 4700 686 4799 precepti
712 4701 836 4779 violati
869 4725 946 4777 rcus
970 4698 1036 4778 fit.
1061 4700 1107 4777 In
1132 4701 1256 4800 quibus
1282 4722 1404 4780 autem
1440 4721 1579 4777 certam
1590 4694 1718 4817 ‘scien-

421 4872 425 4879 .
532 4836 536 4841 ·
1525 4817 1668 4877 'tram

190 4912 1718 4965 mma-m

227 5028 545 5099 catenulis»...
568 5044 614 5102 ,c
685 5018 1330 5113 rtrcmtr.mnc1u.uo.2ss'sar-19·
1681 5028 1684 5033 ’
