3856 5678
400 349 433 426 A
459 368 480 427 t
504 369 536 427 o
561 362 578 426 t
605 366 684 430 to
710 368 732 426 ι
758 325 823 431 t'c
847 365 907 429 rm
962 364 1070 444 ¹700.
1128 356 1235 448 1756.
1442 351 1522 449 607

147 494 275 594 Resp,
302 488 476 592 supposito
501 491 594 590 quod
623 493 771 587 Ignoro,
798 490 963 565 hactenns
991 486 1087 568 fuisse
1108 494 1251 591 praxim
1275 514 1350 568 non
1371 482 1491 569 solum
1511 495 1574 570 ed·

45 593 211 699 bibendi,
237 595 296 673 sed
321 593 502 690 obligandi
526 591 641 669 servos
668 596 713 670 ed
747 594 982 668 laborandum
1008 597 1049 670 in
1079 590 1174 671 sestis
1209 590 1362 671 instante
1388 593 1575 675 necessita·

49 723 109 795 re,
136 707 172 780 d<
197 697 292 797 quod
317 694 578 773 rationabiliter
613 712 702 771 tnnc
736 695 937 793 obIIgenutr
965 695 1010 770 ad
1035 692 1259 773 serviendum
1293 690 1369 772 fine
1403 693 1582 797 stipendio

49 808 106 878 vel
132 801 259 876 laboris
285 793 593 896 compensatione,
614 820 707 896 nego
731 796 802 874 hoc
829 794 904 872 fieri
930 798 1003 886 jure
1027 794 1202 875 servitutis
1228 788 1393 897 praeeied.
1420 796 1499 875 Fiet
1524 824 1576 875 er·

49 933 98 1005 go
125 901 289 1000 eoquod
315 899 500 998 privilegio
526 900 564 975 in
589 897 660 975 hac
685 918 785 999 parte
811 922 871 996 per
894 897 1080 975 adversam
1103 896 1397 977 consuetudi-nem
1430 901 1579 999 deroga·

52 1027 130 1082 turn
158 1003 223 1095 sn,
251 999 340 1076 srcut
364 998 498 1076 dissum
521 999 571 1077 est
595 1000 695 1098 supra
721 1002 764 1075 de
791 996 883 1075 sestis
908 1026 969 1099 per
991 992 1180 1079 Urbanum
1203 998 1311 1079 VIII.
1339 1000 1576 1095 reformatis.

49 1100 190 1202 Quodsi
215 1106 310 1179 mtlla
337 1100 379 1177 stt
406 1100 601 1202 praescripta
627 1102 875 1195 consuetum,
911 1107 948 1181 ὃ(
972 1104 1019 1176 ad
1043 1104 1092 1179 rei
1120 1104 1265 1202 publice
1288 1106 1424 1184 bonum
1455 1106 1509 1181 uel
1534 1105 1580 1181 vi·

54 1209 204 1285 tandum
230 1210 367 1281 malunt
395 1200 531 1281 intersit
558 1203 595 1279 in
620 1201 708 1280 festo
732 1204 1068 1297 laborare,debenr
1096 1204 1203 1282 sclavi
1240 1223 1411 1305 tanquam
1449 1230 1580 1285 merce·

53 1310 145 1386 narii
173 1307 351 1399 conduci,
371 1312 414 1384 dt
440 1327 524 1382 tunc
546 1304 663 1381 solunt
689 1306 879 1407 compelli,
906 1306 1051 1405 quando
1085 1313 1355 1406 &quomodo
1390 1310 1488 1385 liberi
1509 1310 1580 1387 -ho-

52 1415 166 1489 mines
192 1405 331 1507 poliunt
358 1415 393 1487 ὅ(
418 1408 630 1508 quandoque
665 1408 888 1508 obligantur3
928 1409 982 1483 vel
1007 1434 1051 1485 eo
1077 1411 1189 1486 modo
1226 1437 1296 1509 quo
1321 1407 1469 1529 obligati
1507 1407 1581 1509 pos·

53 1514 157 1605 sunt,
181 1528 257 1586 non
283 1509 401 1587 solnm
438 1513 475 1585 iu
503 1506 681 1585 semifestis
715 1513 759 1586 de
784 1509 907 1607 quibus
928 1508 1013 1585 solis
1037 1508 1087 1585 est
1110 1508 1275 1610 questio,
1311 1511 1370 1588 sed
1399 1539 1434 1588 tn
1459 1514 1582 1610 quovit

53 1613 310 1691 solemnissimo
334 1613 471 1704 eriant,
499 1612 537 1685 in
562 1638 634 1711 quo
659 1636 771 1711 neque
795 1613 984 1705 objicient,
1010 1632 1122 1710 neque
1149 1614 1237 1687 alius
1258 1611 1510 1706 somniaverit,
1535 1616 1583 1689 ci-

59 1739 115 1792 rra
144 1714 384 1791 necessitatem
411 1714 558 1810 obligari
584 1709 701 1813 posse.
728 1712 812 1788 Hoc
839 1712 922 1787 veri)
948 1739 1023 1789 non
1051 1710 1131 1789 ideo
1156 1712 1219 1807 fit,
1244 1717 1327 1815 quia
1352 1716 1583 1793 dominusin·

53 1840 203 1919 gruente
228 1816 429 1892 necessitate
449 1812 636 1891 excusatus
671 1813 721 1892 est
756 1817 777 1890 l
803 1835 974 1913 praecepto
998 1806 1171 1908 feriandi,
1198 1814 1257 1893 seu
1293 1819 1314 1893 ri
1344 1816 1584 1918 prohibitione

58 1945 120 2020 per
146 1919 179 1994 se
206 1918 411 2010 laborandi,
440 1940 526 1993 nam
552 1915 702 2014 potestas
727 1915 898 2004 serviliter
924 1916 1110 1992 laborandi
1137 1919 1227 1993 nihil
1251 1918 1359 1997 habet
1393 1941 1587 1997 commune

53 2046 140 2098 eunt
230 2019 339 2097 ellare
364 2019 608 2120 praecipiendi,
636 2016 699 2093 nili
724 2021 801 2118 quis
826 2015 911 2095 velit
935 2038 1064 2096 munus
1090 2040 1261 2118 praecepta
1287 2024 1441 2119 &leges
1471 2017 1586 2111 setene

57 2127 104 2202 tis
128 2148 148 2198 e
173 2148 195 2217 e
218 2117 360 2199 servile.
385 2120 465 2199 Flet
489 2144 576 2220 ergo
601 2123 656 2196 vel
681 2119 904 2214 necessitate,
932 2123 987 2196 vel
1021 2119 1298 2218 consuetudine,
1326 2126 1380 2200 vel
1398 2119 1586 2222 'dispensa-

59 2245 180 2302 none.

69 2365 89 2386 ·.
163 2320 300 2420 Qrodlr
326 2348 391 2399 nec
418 2321 603 2400 necessitas
626 2346 711 2397 vera
736 2320 800 2414 stt,
826 2342 892 2398 nec
917 2318 1102 2423 privilegio
1127 2320 1307 2400 contraria
1335 2322 1589 2402 consuetudine

54 2430 291 2526 derogarunt,
317 2426 439 2524 utique
462 2425 573 2522 <pollet
600 2418 744 2522 allegari
770 2426 823 2512 jus
849 2448 912 2520 pro
933 2423 1078 2501 sclavis·
1103 2428 1166 2499 Sed
1191 2429 1253 2500 bec
1279 2424 1327 2503 est
1352 2431 1492 2507 illorum
1521 2430 1586 2503 mi-

62 2530 211 2611 seranda
238 2529 423 2620 conditio,
449 2529 505 2602 cni
536 2524 615 2601 usne
640 2529 774 2623 magle,
802 2547 910 2626 quam
937 2521 1053 2618 tario,
1074 2524 1202 2614 justitia
1230 2534 1265 2606 dr
1292 2530 1402 2626 pietas
1415 2529 1591 2629 Μναμ-

58 2649 142 2721 eur,
168 2652 209 2705 ut
235 2632 347 2728 inquit
374 2631 536 2729 Iaetdetus
564 2629 779 2705 Avendario.
808 2650 844 2702 :2
882 2624 939 2702 Ad
964 2627 1234 2705 confirmr'dem
1259 2622 1393 2723 dicito,
1421 2630 1589 2709 fiverum

57 2734 107 2808 est
135 2733 231 2830 quod
257 2733 394 2829 pollont
418 2734 585 2831 compelli
615 2732 660 2805 ad
682 2753 792 2828 opera
819 2728 864 2802 ibi
901 2733 1111 2825 enuntiata,
1148 2733 1184 2806 id
1208 2756 1337 2833 nempe
1371 2732 1499 2828 licere,
1536 2735 1591 2809 vel

60 2835 327 2910 consuetudinis
351 2836 448 2924 iure,
475 2838 530 2908 vel
557 2857 601 2909 eo
628 2835 767 2923 titulo,
804 2832 1014 2933 quitumqne
1041 2824 1108 2924 stt,
1143 2855 1215 2933 quo
1242 2834 1278 2910 id
1304 2832 1349 2910 fit
1385 2836 1526 2911 licitum
1553 2838 1611 2911 in,

63 2939 182 3036 primo
207 2937 267 3012 die
292 2935 466 3032 paschatis
494 2963 525 3009 vt
551 2959 611 3031 g.,
641 2937 773 3033 inquo
799 2954 895 3010 eerte
921 2935 1010 3009 nihil
1034 2937 1121 3010 licet
1147 2934 1223 3033 post
1249 2932 1428 3013 Benedirii
1460 2936 1591 3014 consti»

63 3041 266 3128 tutionem,
292 3039 389 3135 quod
417 3059 522 3112 antea
546 3061 621 3112 non
647 3038 788 3110 liceret.
816 3034 922 3110 Nunc
948 3038 1032 3113 veti>
1058 3034 1174 3112 solum
1200 3032 1397 3133 disputatur
1433 3043 1477 3117 dc
1504 3034 1591 3129 titu-

62 3142 102 3215 lo
130 3141 163 3213 in
193 3141 260 3211 Irae
285 3137 539 3214 constitutione
565 3135 741 3230 sunrlat0,
769 3139 822 3211 vel
850 3138 894 3210 ad
918 3163 999 3213 earn
1023 3137 1281 3235 consequente.
1410 3193 1411 3197 ,

165 3239 321 3326 Olriicier
346 3234 509 3316 faciliora
536 3242 729 3336 quaedam.
767 3260 803 3334 4.
829 3236 938 3335 Quod
971 3233 1193 3338 privilegium
1228 3239 1412 3327 laborandi
1439 3230 1595 3341 southa»,

32 3354 38 3363 ‘
65 3362 142 3418 tem
168 3346 321 3440 praebens
345 3342 489 3417 tanu'nn
515 3340 680 3439 Hispanis
705 3337 786 3416 esser
816 3343 962 3433 inutile,
988 3342 1070 3440 quie
1090 3340 1128 3415 hi
1155 3367 1229 3417 non
1255 3342 1441 3419 laborant.
1471 3341 1601 3441 5.I³-ri÷·2

43 3446 233 3544 ⁴vilegium
261 3468 335 3520 non
362 3446 595 3542 compellendi
625 3442 764 3533 Indos,
799 3462 972 3540 quatenus
997 3445 1073 3541 lege
1111 3436 1230 3519 indica
1256 3438 1294 3519 ¹in
1326 3445 1602 3544 probationibun

46 3548 177 3622 'citata
200 3550 428 3638 continetur,
457 3547 613 3645 loquitur
638 3546 682 3621 de
709 3539 806 3619 Indis
829 3536 1075 3630 Chilensrbu's·
1101 3537 1200 3643 Ergo
1215 3571 1302 3625 non
1329 3548 1464 3642 prodest
1490 3550 1593 3640 aliie,

65 3652 147 3746 quia
184 3650 363 3746 privilegia
399 3671 474 3723 non
508 3651 592 3724 licet
628 3647 817 3724 elnendete
854 3651 875 3722 a
912 3644 1055 3744 persona
1095 3649 1131 3722 in
1160 3646 1379 3745 personam,
1413 3652 1525 3727 eriam
1549 3666 1605 3731 ert,

64 3750 253 3828 identitare
280 3750 447 3826 rationis.
484 3757 521 3826 6.
548 3744 776 3851 Privilegium
812 3746 861 3825 cst
887 3753 1066 3846 exemptio
1092 3748 1112 3821 it
1138 3749 1215 3847 lege
1251 3750 1340 3826 alins
1374 3747 1556 3849 obligante
1582 3797 1606 3835 r,

61 3853 136 3928 Sed
163 3854 197 3925 in
224 3853 380 3950 praesenti
405 3853 504 3927 nulla
529 3850 578 3928 eu
604 3857 661 3928 lex
688 3855 777 3926 alios
802 3849 984 3946 obligans,
1011 3877 1045 3923 r.
1069 3873 1105 3947 gt
1135 3850 1180 3925 ad
1206 3844 1408 3937 feriandum
1441 3850 1479 3925 in
1498 3848 1611 3933 ¹fello.
1706 3863 1709 3867 ’

10 3966 12 3973 ’
66 3955 104 4031 S.
137 3957 268 4045 Annae,
296 3952 498 4050 velqnovis
521 3954 598 4029 alio
634 3954 679 4026 de
704 3948 915 4027 lensiense.
955 3945 1065 4049 Ergo
1087 3970 1153 4026 nec
1186 3940 1239 4027 est
1266 3947 1486 4052 privilegium
1524 3956 1610 4037 eni-4

64 4081 189 4132 mens.
216 4075 251 4143 7.
277 4051 388 4150 Qrdd
414 4078 633 4153 pernoram
653 4045 949 4131 constitutionem
973 4054 1047 4129 dics
1072 4079 1103 4127 v.
1130 4077 1162 4152 g.
1189 4052 1227 4129 S.
1255 4056 1394 4147 Annae,
1431 4054 1595 4133 sehabet

65 4158 153 4232 licut
181 4157 326 4255 quilibet
355 4159 443 4232 alim
468 4151 638 4255 proselitus
662 4158 780 4257 quoad
806 4156 987 4247 laborem.
1016 4155 1051 4232 8.
1078 4152 1269 4258 Priuilegio
1303 4158 1498 4258 derogetur
1532 4181 1611 4258 pot„

62 4260 377 4336 constitutionem·
395 4258 613 4337 contrariam
638 4313 647 4332 .
680 4260 752 4335 Sed
775 4280 870 4335 nova
908 4256 1116 4336 constitutio
1140 4256 1203 4346 {eli
1236 4262 1377 4337 intento
1413 4258 1598 4360 priuilegio
1622 4304 1629 4308 ·

64 4363 272 4438 contraria.
290 4361 466 4457 ergo...
494 4382 528 4456 9.
553 4358 675 4439 Potest
701 4387 762 4459 per
788 4361 1008 4461 privilegium
1021 4387 1123 4438 -onus
1159 4362 1305 4462 aliquod
1342 4362 1460 4438 induci
1486 4361 1599 4466 respe-

64 4468 125 4542 em
151 4463 386 4564 privilegiati,
412 4485 452 4539 ut
479 4485 576 4564 patet
611 4464 651 4539 in
683 4487 727 4540 eo
763 4466 822 4563 qui
850 4460 1077 4562 privilegium
1103 4460 1211 4539 habet
1244 4463 1393 4539 oratorii
1430 4466 1557 4563 priuati
1584 4510 1596 4552 ,

65 4570 127 4666 qui
154 4592 198 4646 ex
223 4567 425 4666 privilegio
447 4564 585 4643 missam
623 4567 912 4667 audjrerenerur
950 4584 1108 4663 tempore
1134 4565 1340 4639 interdisti.
1378 4560 1476 4661 Ergo
1502 4566 1616 4643 idem.

57 4670 106 4748 in
134 4665 291 4768 presenti
305 4669 530 4759 diceudmn,
557 4690 685 4766 nempe
707 4668 806 4767 quod
831 4666 992 4744 laborare
1015 4687 1140 4766 potem
1165 4664 1327 4742 laborare
1359 4688 1503 4744 tenetur
1521 4717 1534 4762 ·,
1570 4659 1598 4743 fi

64 4774 130 4850 sub
155 4776 318 4849 dominio
342 4773 571 4874 praecipientis
596 4766 659 4846 stt«.

10 4907 19 4985 -,
126 4898 183 4949 10.
202 4875 507 4974 reuranagna·
529 4876 585 4959 'or
599 4864 778 4984 coneum
791 4856 956 4947 'tinent
977 4856 1055 4949 'non
1080 4848 1282 4970 τέμει...
1305 4822 1564 4971 ,rignum
1584 4926 1597 4968 ,

10 4996 25 5065 ;
63 4977 129 5056 sed
155 4976 365 5077 consilinm.
391 4976 493 5079 Ergo,
524 4972 593 5065 illis
619 5000 693 5055 non
722 4973 943 5057 obstantibus
968 4972 1110 5071 ponne
1133 4969 1251 5049 -sclevi
1278 4979 1484 5081 compelli,
1499 4972 1600 5073 Tan·

27 5082 151 5195 'hm
177 5080 320 5174 objicieo
344 5082 460 5186 legem
502 5103 558 5180 ¹7·
599 5081 654 5156 tit.
694 5103 724 5156 r.
762 5077 822 5153 lib.
853 5104 885 5156 r.
921 5070 1597 5260 Recop.1ndMandamoraorqrppienIor
