<?xml version="1.0" encoding="UTF-8"?>
<!DOCTYPE html PUBLIC "-//W3C//DTD XHTML 1.0 Transitional//EN"
    "http://www.w3.org/TR/xhtml1/DTD/xhtml1-transitional.dtd">
<html xmlns="http://www.w3.org/1999/xhtml" xml:lang="en" lang="en">
 <head>
  <title>
</title>
<meta http-equiv="Content-Type" content="text/html;charset=utf-8" />
  <meta name='ocr-system' content='tesseract 3.04.00' />
  <meta name='ocr-capabilities' content='ocr_page ocr_carea ocr_par ocr_line ocrx_word'/>
</head>
<body>
  <div class='ocr_page' id='page_1' title='image "./fastinoviorbise00moregoog_0102.png"; bbox 0 0 3864 5686; ppageno 0'>
   <div class='ocr_carea' id='block_1_1' title="bbox 418 344 1548 449">
    <p class='ocr_par' dir='ltr' id='par_1_1' title="bbox 418 344 1548 449">
     <span class='ocr_line' id='line_1_1' title="bbox 418 344 1548 449; baseline 0.004 -28"><span class='ocrx_word' id='word_1_1' title='bbox 418 344 1256 449; x_wconf 70' lang='lat' dir='ltr'>Arosrotrcn.1500.,15s3.</span> <span class='ocrx_word' id='word_1_2' title='bbox 1500 375 1548 447; x_wconf 84' lang='lat'>91</span> 
     </span>
    </p>
   </div>
   <div class='ocr_carea' id='block_1_2' title="bbox 63 479 1614 2830">
    <p class='ocr_par' dir='ltr' id='par_1_2' title="bbox 64 479 1604 974">
     <span class='ocr_line' id='line_1_2' title="bbox 64 479 1601 591; baseline 0.005 -29"><span class='ocrx_word' id='word_1_3' title='bbox 64 479 167 579; x_wconf 84' lang='lat' dir='ltr'>dias,</span> <span class='ocrx_word' id='word_1_4' title='bbox 192 510 220 581; x_wconf 81' lang='lat' dir='ltr'>y</span> <span class='ocrx_word' id='word_1_5' title='bbox 242 482 398 587; x_wconf 75' lang='lat' dir='ltr'>supplied</span> <span class='ocrx_word' id='word_1_6' title='bbox 424 489 445 562; x_wconf 76' lang='lat' dir='ltr'>a</span> <span class='ocrx_word' id='word_1_7' title='bbox 471 486 518 562; x_wconf 90' lang='lat' dir='ltr'>N.</span> <span class='ocrx_word' id='word_1_8' title='bbox 546 485 601 560; x_wconf 88' lang='grc' dir='ltr'>Μ.</span> <span class='ocrx_word' id='word_1_9' title='bbox 628 485 666 561; x_wconf 65' lang='grc' dir='ltr'>ἃ</span> <span class='ocrx_word' id='word_1_10' title='bbox 693 480 829 580; x_wconf 81' lang='lat' dir='ltr'>Padrc,</span> <span class='ocrx_word' id='word_1_11' title='bbox 856 512 915 563; x_wconf 90' lang='lat' dir='ltr'>me</span> <span class='ocrx_word' id='word_1_12' title='bbox 941 483 1060 564; x_wconf 87' lang='lat' dir='ltr'>criasse</span> <span class='ocrx_word' id='word_1_13' title='bbox 1080 486 1202 591; x_wconf 85' lang='lat' dir='ltr'>obispo</span> <span class='ocrx_word' id='word_1_14' title='bbox 1227 489 1271 563; x_wconf 92' lang='lat' dir='ltr'>de</span> <span class='ocrx_word' id='word_1_15' title='bbox 1298 490 1434 589; x_wconf 88' lang='lat' dir='ltr'>aquella</span> <span class='ocrx_word' id='word_1_16' title='bbox 1471 493 1601 590; x_wconf 83' lang='lat' dir='ltr'>prime·</span> 
     </span>
     <span class='ocr_line' id='line_1_3' title="bbox 67 589 1604 690; baseline -0.001 -26"><span class='ocrx_word' id='word_1_17' title='bbox 67 614 110 664; x_wconf 84' lang='lat' dir='ltr'>ra</span> <span class='ocrx_word' id='word_1_18' title='bbox 135 590 350 687; x_wconf 88' lang='lat' dir='ltr'>poblacion,</span> <span class='ocrx_word' id='word_1_19' title='bbox 376 617 401 685; x_wconf 78' lang='lat' dir='ltr'>y</span> <span class='ocrx_word' id='word_1_20' title='bbox 425 590 582 665; x_wconf 81' lang='lat' dir='ltr'>dexados</span> <span class='ocrx_word' id='word_1_21' title='bbox 607 589 664 664; x_wconf 89' lang='lat' dir='ltr'>los</span> <span class='ocrx_word' id='word_1_22' title='bbox 687 590 762 664; x_wconf 87' lang='lat' dir='ltr'>dias</span> <span class='ocrx_word' id='word_1_23' title='bbox 799 614 866 690; x_wconf 89' lang='lat' dir='ltr'>que</span> <span class='ocrx_word' id='word_1_24' title='bbox 891 591 936 664; x_wconf 91' lang='lat' dir='ltr'>he</span> <span class='ocrx_word' id='word_1_25' title='bbox 961 589 1108 687; x_wconf 77' lang='lat' dir='ltr'>g&#39;aslado</span> <span class='ocrx_word' id='word_1_26' title='bbox 1141 616 1186 668; x_wconf 87' lang='lat' dir='ltr'>en</span> <span class='ocrx_word' id='word_1_27' title='bbox 1211 594 1247 666; x_wconf 89' lang='lat' dir='ltr'>la</span> <span class='ocrx_word' id='word_1_28' title='bbox 1271 591 1330 668; x_wconf 89' lang='lat' dir='ltr'>ida</span> <span class='ocrx_word' id='word_1_29' title='bbox 1355 620 1378 690; x_wconf 91' lang='lat' dir='ltr'>y</span> <span class='ocrx_word' id='word_1_30' title='bbox 1403 617 1448 668; x_wconf 89' lang='lat' dir='ltr'>en</span> <span class='ocrx_word' id='word_1_31' title='bbox 1481 597 1517 670; x_wconf 86' lang='lat' dir='ltr'>la</span> <span class='ocrx_word' id='word_1_32' title='bbox 1544 621 1604 671; x_wconf 72' lang='lat' dir='ltr'>vc,</span> 
     </span>
     <span class='ocr_line' id='line_1_4' title="bbox 64 690 1602 792; baseline 0.005 -26"><span class='ocrx_word' id='word_1_33' title='bbox 64 691 175 784; x_wconf 84' lang='lat' dir='ltr'>nida,</span> <span class='ocrx_word' id='word_1_34' title='bbox 201 693 307 768; x_wconf 89' lang='lat' dir='ltr'>cinco</span> <span class='ocrx_word' id='word_1_35' title='bbox 333 700 422 769; x_wconf 77' lang='lat' dir='ltr'>arios</span> <span class='ocrx_word' id='word_1_36' title='bbox 446 693 492 769; x_wconf 83' lang='lat' dir='ltr'>hc</span> <span class='ocrx_word' id='word_1_37' title='bbox 517 690 638 768; x_wconf 80' lang='lat' dir='ltr'>estado</span> <span class='ocrx_word' id='word_1_38' title='bbox 664 694 757 784; x_wconf 87' lang='lat' dir='ltr'>alla,</span> <span class='ocrx_word' id='word_1_39' title='bbox 785 719 807 788; x_wconf 81' lang='lat' dir='ltr'>y</span> <span class='ocrx_word' id='word_1_40' title='bbox 833 716 940 768; x_wconf 90' lang='lat' dir='ltr'>como</span> <span class='ocrx_word' id='word_1_41' title='bbox 965 691 1097 768; x_wconf 86' lang='lat' dir='ltr'>fuimns</span> <span class='ocrx_word' id='word_1_42' title='bbox 1118 694 1249 771; x_wconf 86' lang='lat' dir='ltr'>mucha</span> <span class='ocrx_word' id='word_1_43' title='bbox 1269 718 1395 792; x_wconf 85' lang='lat' dir='ltr'>gente,</span> <span class='ocrx_word' id='word_1_44' title='bbox 1421 721 1444 790; x_wconf 87' lang='lat' dir='ltr'>y</span> <span class='ocrx_word' id='word_1_45' title='bbox 1469 721 1523 773; x_wconf 91' lang='lat' dir='ltr'>no</span> <span class='ocrx_word' id='word_1_46' title='bbox 1541 699 1602 774; x_wconf 87' lang='lat' dir='ltr'>lle-</span> 
     </span>
     <span class='ocr_line' id='line_1_5' title="bbox 64 794 1601 974; baseline 0.005 -107"><span class='ocrx_word' id='word_1_47' title='bbox 64 818 283 972; x_wconf 52' lang='grc' dir='ltr'>3ωέεὲ</span> <span class='ocrx_word' id='word_1_48' title='bbox 309 820 430 872; x_wconf 90' lang='lat' dir='ltr'>comer</span> <span class='ocrx_word' id='word_1_49' title='bbox 454 820 533 971; x_wconf 58' lang='lat' dir='ltr'>msps</span> <span class='ocrx_word' id='word_1_50' title='bbox 558 796 602 868; x_wconf 89' lang='lat' dir='ltr'>de</span> <span class='ocrx_word' id='word_1_51' title='bbox 628 796 666 867; x_wconf 93' lang='lat' dir='ltr'>lo</span> <span class='ocrx_word' id='word_1_52' title='bbox 691 818 758 911; x_wconf 82' lang='lat' dir='ltr'>que</span> <span class='ocrx_word' id='word_1_53' title='bbox 782 794 1146 974; x_wconf 60' lang='lat' dir='ltr'>lptpvipnosbmenestpr</span> <span class='ocrx_word' id='word_1_54' title='bbox 1173 823 1257 895; x_wconf 84' lang='lat' dir='ltr'>para</span> <span class='ocrx_word' id='word_1_55' title='bbox 1282 799 1315 871; x_wconf 92' lang='lat' dir='ltr'>el</span> <span class='ocrx_word' id='word_1_56' title='bbox 1342 801 1520 974; x_wconf 66' lang='lat' dir='ltr'>cpmino,</span> <span class='ocrx_word' id='word_1_57' title='bbox 1549 819 1601 875; x_wconf 84' lang='lat' dir='ltr'>to·</span> 
     </span>
    </p>

    <p class='ocr_par' dir='ltr' id='par_1_3' title="bbox 63 917 1614 1484">
     <span class='ocr_line' id='line_1_6' title="bbox 284 917 1603 976; baseline 0.004 -5"><span class='ocrx_word' id='word_1_58' title='bbox 284 922 327 971; x_wconf 78' lang='lat' dir='ltr'>as</span> <span class='ocrx_word' id='word_1_59' title='bbox 378 917 459 972; x_wconf 83' lang='lat' dir='ltr'>ente</span> <span class='ocrx_word' id='word_1_60' title='bbox 544 920 609 970; x_wconf 87' lang='lat' dir='ltr'>nos</span> <span class='ocrx_word' id='word_1_61' title='bbox 646 919 766 972; x_wconf 91' lang='lat' dir='ltr'>muno</span> <span class='ocrx_word' id='word_1_62' title='bbox 888 920 1006 973; x_wconf 88' lang='lat' dir='ltr'>amre</span> <span class='ocrx_word' id='word_1_63' title='bbox 1129 923 1169 975; x_wconf 80' lang='lat' dir='ltr'>os</span> <span class='ocrx_word' id='word_1_64' title='bbox 1217 922 1261 973; x_wconf 90' lang='lat' dir='ltr'>ne</span> <span class='ocrx_word' id='word_1_65' title='bbox 1306 924 1350 972; x_wconf 91' lang='lat' dir='ltr'>ue</span> <span class='ocrx_word' id='word_1_66' title='bbox 1378 925 1477 976; x_wconf 87' lang='lat' dir='ltr'>amos</span> <span class='ocrx_word' id='word_1_67' title='bbox 1561 925 1603 976; x_wconf 93' lang='lat' dir='ltr'>ot</span> 
     </span>
     <span class='ocr_line' id='line_1_7' title="bbox 65 921 1603 1099; baseline 0.003 -25"><span class='ocrx_word' id='word_1_68' title='bbox 65 1023 116 1074; x_wconf 90' lang='lat' dir='ltr'>no</span> <span class='ocrx_word' id='word_1_69' title='bbox 139 1000 256 1073; x_wconf 90' lang='lat' dir='ltr'>morir</span> <span class='ocrx_word' id='word_1_70' title='bbox 279 921 387 1075; x_wconf 57' lang='lat' dir='ltr'>cond&gt;</span> <span class='ocrx_word' id='word_1_71' title='bbox 414 999 593 1098; x_wconf 84' lang='lat' dir='ltr'>aquellos,</span> <span class='ocrx_word' id='word_1_72' title='bbox 619 1022 665 1071; x_wconf 92' lang='lat' dir='ltr'>en</span> <span class='ocrx_word' id='word_1_73' title='bbox 691 1000 783 1074; x_wconf 85' lang='lat' dir='ltr'>todo·</span> <span class='ocrx_word' id='word_1_74' title='bbox 804 997 874 1074; x_wconf 86' lang='lat' dir='ltr'>este</span> <span class='ocrx_word' id='word_1_75' title='bbox 900 952 1035 1097; x_wconf 80' lang='lat' dir='ltr'>tiempd</span> <span class='ocrx_word' id='word_1_76' title='bbox 1059 922 1218 1099; x_wconf 60' lang='lat' dir='ltr'>dingund</span> <span class='ocrx_word' id='word_1_77' title='bbox 1255 925 1336 1075; x_wconf 76' lang='lat' dir='ltr'>otqra</span> <span class='ocrx_word' id='word_1_78' title='bbox 1363 1001 1443 1077; x_wconf 84' lang='lat' dir='ltr'>cosa</span> <span class='ocrx_word' id='word_1_79' title='bbox 1479 928 1603 1079; x_wconf 53' lang='lat' dir='ltr'>hodos</span> 
     </span>
     <span class='ocr_line' id='line_1_8' title="bbox 66 1099 1614 1201; baseline 0.002 -26"><span class='ocrx_word' id='word_1_80' title='bbox 66 1099 185 1175; x_wconf 85' lang='lat' dir='ltr'>hccho</span> <span class='ocrx_word' id='word_1_81' title='bbox 210 1127 280 1197; x_wconf 83' lang='lat' dir='ltr'>que</span> <span class='ocrx_word' id='word_1_82' title='bbox 305 1101 478 1177; x_wconf 84' lang='lat' dir='ltr'>ranehear</span> <span class='ocrx_word' id='word_1_83' title='bbox 503 1123 712 1196; x_wconf 70' lang='lat' dir='ltr'>ycomar..</span> <span class='ocrx_word' id='word_1_84' title='bbox 728 1155 762 1174; x_wconf 91' lang='lat'>..</span> <span class='ocrx_word' id='word_1_85' title='bbox 789 1126 811 1195; x_wconf 88' lang='lat' dir='ltr'>y</span> <span class='ocrx_word' id='word_1_86' title='bbox 837 1124 887 1174; x_wconf 87' lang='lat' dir='ltr'>en</span> <span class='ocrx_word' id='word_1_87' title='bbox 908 1103 946 1176; x_wconf 90' lang='lat' dir='ltr'>lo</span> <span class='ocrx_word' id='word_1_88' title='bbox 981 1124 1050 1200; x_wconf 88' lang='lat' dir='ltr'>qne</span> <span class='ocrx_word' id='word_1_89' title='bbox 1076 1122 1158 1176; x_wconf 88' lang='lat' dir='ltr'>toca</span> <span class='ocrx_word' id='word_1_90' title='bbox 1185 1105 1204 1176; x_wconf 76' lang='lat' dir='ltr'>is</span> <span class='ocrx_word' id='word_1_91' title='bbox 1231 1103 1284 1176; x_wconf 88' lang='lat' dir='ltr'>los</span> <span class='ocrx_word' id='word_1_92' title='bbox 1311 1102 1458 1196; x_wconf 88' lang='lat' dir='ltr'>lndios,</span> <span class='ocrx_word' id='word_1_93' title='bbox 1494 1103 1614 1201; x_wconf 76' lang='lat' dir='ltr'>segon</span> 
     </span>
     <span class='ocr_line' id='line_1_9' title="bbox 66 1201 1603 1303; baseline 0.002 -26"><span class='ocrx_word' id='word_1_94' title='bbox 66 1204 101 1278; x_wconf 86' lang='lat' dir='ltr'>la</span> <span class='ocrx_word' id='word_1_95' title='bbox 127 1205 266 1279; x_wconf 83' lang='lat' dir='ltr'>noticia</span> <span class='ocrx_word' id='word_1_96' title='bbox 287 1229 355 1303; x_wconf 83' lang='lat' dir='ltr'>que</span> <span class='ocrx_word' id='word_1_97' title='bbox 378 1204 423 1279; x_wconf 81' lang='lat' dir='ltr'>de</span> <span class='ocrx_word' id='word_1_98' title='bbox 448 1206 502 1277; x_wconf 85' lang='lat' dir='ltr'>los</span> <span class='ocrx_word' id='word_1_99' title='bbox 525 1203 569 1276; x_wconf 91' lang='lat' dir='ltr'>de</span> <span class='ocrx_word' id='word_1_100' title='bbox 595 1204 631 1277; x_wconf 90' lang='lat' dir='ltr'>la</span> <span class='ocrx_word' id='word_1_101' title='bbox 657 1204 765 1278; x_wconf 84' lang='lat' dir='ltr'>tierra</span> <span class='ocrx_word' id='word_1_102' title='bbox 788 1227 834 1278; x_wconf 93' lang='lat' dir='ltr'>en</span> <span class='ocrx_word' id='word_1_103' title='bbox 858 1227 925 1302; x_wconf 88' lang='lat' dir='ltr'>que</span> <span class='ocrx_word' id='word_1_104' title='bbox 963 1201 1084 1279; x_wconf 81' lang='lat' dir='ltr'>ellado</span> <span class='ocrx_word' id='word_1_105' title='bbox 1111 1225 1238 1302; x_wconf 89' lang='lat' dir='ltr'>tengo,</span> <span class='ocrx_word' id='word_1_106' title='bbox 1266 1206 1356 1297; x_wconf 82' lang='lat' dir='ltr'>yde</span> <span class='ocrx_word' id='word_1_107' title='bbox 1380 1205 1435 1279; x_wconf 84' lang='lat' dir='ltr'>los</span> <span class='ocrx_word' id='word_1_108' title='bbox 1468 1207 1514 1279; x_wconf 87' lang='lat' dir='ltr'>de</span> <span class='ocrx_word' id='word_1_109' title='bbox 1549 1207 1603 1280; x_wconf 85' lang='lat' dir='ltr'>las</span> 
     </span>
     <span class='ocr_line' id='line_1_10' title="bbox 66 1301 1608 1406; baseline 0.003 -27"><span class='ocrx_word' id='word_1_110' title='bbox 66 1326 169 1381; x_wconf 81' lang='lat' dir='ltr'>otras</span> <span class='ocrx_word' id='word_1_111' title='bbox 189 1307 341 1401; x_wconf 80' lang='lat' dir='ltr'>tierras,</span> <span class='ocrx_word' id='word_1_112' title='bbox 361 1329 429 1405; x_wconf 88' lang='lat' dir='ltr'>que</span> <span class='ocrx_word' id='word_1_113' title='bbox 453 1305 620 1381; x_wconf 85' lang='lat' dir='ltr'>viniendo</span> <span class='ocrx_word' id='word_1_114' title='bbox 643 1307 787 1381; x_wconf 71' lang='lat' dir='ltr'>canino</span> <span class='ocrx_word' id='word_1_115' title='bbox 811 1301 878 1399; x_wconf 74' lang='lat' dir='ltr'>vi,</span> <span class='ocrx_word' id='word_1_116' title='bbox 906 1332 925 1381; x_wconf 86' lang='lat' dir='ltr'>a</span> <span class='ocrx_word' id='word_1_117' title='bbox 952 1307 1087 1406; x_wconf 77' lang='lat' dir='ltr'>quellas¹</span> <span class='ocrx_word' id='word_1_118' title='bbox 1108 1327 1229 1406; x_wconf 80' lang='lat' dir='ltr'><strong>gentes</strong></span> <span class='ocrx_word' id='word_1_119' title='bbox 1252 1304 1316 1382; x_wconf 89' lang='lat' dir='ltr'>son</span> <span class='ocrx_word' id='word_1_120' title='bbox 1342 1303 1470 1383; x_wconf 87' lang='lat' dir='ltr'>fiervos</span> <span class='ocrx_word' id='word_1_121' title='bbox 1495 1304 1520 1380; x_wconf 73' lang='lat' dir='ltr'>ri</span> <span class='ocrx_word' id='word_1_122' title='bbox 1544 1333 1608 1383; x_wconf 61' lang='lat' dir='ltr'>na«</span> 
     </span>
     <span class='ocr_line' id='line_1_11' title="bbox 63 1424 164 1484; baseline -0.01 -1"><span class='ocrx_word' id='word_1_123' title='bbox 63 1424 164 1484; x_wconf 71' lang='lat' dir='ltr'>lm.</span> 
     </span>
    </p>

    <p class='ocr_par' dir='ltr' id='par_1_4' title="bbox 64 1506 1605 2724">
     <span class='ocr_line' id='line_1_12' title="bbox 167 1506 1603 1610; baseline 0 -24"><span class='ocrx_word' id='word_1_124' title='bbox 167 1509 313 1586; x_wconf 77' lang='lat' dir='ltr'>Horum</span> <span class='ocrx_word' id='word_1_125' title='bbox 338 1510 491 1610; x_wconf 89' lang='lat' dir='ltr'>primum</span> <span class='ocrx_word' id='word_1_126' title='bbox 517 1506 561 1586; x_wconf 90' lang='lat' dir='ltr'>de</span> <span class='ocrx_word' id='word_1_127' title='bbox 587 1511 732 1605; x_wconf 85' lang='lat' dir='ltr'>negotio</span> <span class='ocrx_word' id='word_1_128' title='bbox 757 1507 852 1608; x_wconf 86' lang='lat' dir='ltr'>gesto</span> <span class='ocrx_word' id='word_1_129' title='bbox 879 1509 975 1607; x_wconf 86' lang='lat' dir='ltr'>apud·</span> <span class='ocrx_word' id='word_1_130' title='bbox 997 1508 1127 1600; x_wconf 78' lang='lat' dir='ltr'>indos,</span> <span class='ocrx_word' id='word_1_131' title='bbox 1164 1534 1229 1608; x_wconf 87' lang='lat' dir='ltr'>pro</span> <span class='ocrx_word' id='word_1_132' title='bbox 1251 1509 1423 1588; x_wconf 85' lang='lat' dir='ltr'>modestia</span> <span class='ocrx_word' id='word_1_133' title='bbox 1458 1511 1603 1610; x_wconf 80' lang='lat' dir='ltr'>loquen-</span> 
     </span>
     <span class='ocr_line' id='line_1_13' title="bbox 66 1611 1602 1711; baseline -0.001 -22"><span class='ocrx_word' id='word_1_134' title='bbox 66 1613 111 1689; x_wconf 84' lang='lat' dir='ltr'>tis</span> <span class='ocrx_word' id='word_1_135' title='bbox 133 1615 269 1690; x_wconf 66' lang='lat' dir='ltr'>dictum</span> <span class='ocrx_word' id='word_1_136' title='bbox 295 1613 436 1711; x_wconf 86' lang='lat' dir='ltr'>accipe.</span> <span class='ocrx_word' id='word_1_137' title='bbox 463 1611 665 1692; x_wconf 88' lang='lat' dir='ltr'>Secundum</span> <span class='ocrx_word' id='word_1_138' title='bbox 690 1612 735 1685; x_wconf 91' lang='lat' dir='ltr'>de</span> <span class='ocrx_word' id='word_1_139' title='bbox 762 1612 936 1687; x_wconf 88' lang='lat' dir='ltr'>Indorum</span> <span class='ocrx_word' id='word_1_140' title='bbox 962 1612 1081 1687; x_wconf 85' lang='lat' dir='ltr'>servili</span> <span class='ocrx_word' id='word_1_141' title='bbox 1111 1633 1239 1686; x_wconf 88' lang='lat' dir='ltr'>natura</span> <span class='ocrx_word' id='word_1_142' title='bbox 1265 1636 1348 1685; x_wconf 89' lang='lat' dir='ltr'>cum</span> <span class='ocrx_word' id='word_1_143' title='bbox 1384 1613 1602 1688; x_wconf 86' lang='lat' dir='ltr'>moderatio·</span> 
     </span>
     <span class='ocr_line' id='line_1_14' title="bbox 65 1710 1603 1812; baseline -0.001 -21"><span class='ocrx_word' id='word_1_144' title='bbox 65 1737 111 1791; x_wconf 81' lang='lat' dir='ltr'>ne</span> <span class='ocrx_word' id='word_1_145' title='bbox 137 1714 430 1812; x_wconf 85' lang='lat' dir='ltr'>intelligendum.</span> <span class='ocrx_word' id='word_1_146' title='bbox 455 1710 589 1810; x_wconf 81' lang='lat' dir='ltr'>Qtoad</span> <span class='ocrx_word' id='word_1_147' title='bbox 614 1714 768 1808; x_wconf 90' lang='lat' dir='ltr'>primum</span> <span class='ocrx_word' id='word_1_148' title='bbox 795 1711 957 1805; x_wconf 83' lang='lat' dir='ltr'>constat,</span> <span class='ocrx_word' id='word_1_149' title='bbox 983 1710 1146 1811; x_wconf 80' lang='lat' dir='ltr'>Episcopi</span> <span class='ocrx_word' id='word_1_150' title='bbox 1172 1712 1422 1789; x_wconf 79' lang='lat' dir='ltr'>mistionem&amp;</span> <span class='ocrx_word' id='word_1_151' title='bbox 1448 1715 1603 1790; x_wconf 87' lang='lat' dir='ltr'>aliorum</span> 
     </span>
     <span class='ocr_line' id='line_1_15' title="bbox 65 1810 1600 1914; baseline -0.001 -23"><span class='ocrx_word' id='word_1_152' title='bbox 65 1815 312 1908; x_wconf 83' lang='lat' dir='ltr'>sacerdotum,</span> <span class='ocrx_word' id='word_1_153' title='bbox 338 1839 412 1890; x_wconf 93' lang='lat' dir='ltr'>non</span> <span class='ocrx_word' id='word_1_154' title='bbox 438 1812 536 1889; x_wconf 86' lang='lat' dir='ltr'>fuisse</span> <span class='ocrx_word' id='word_1_155' title='bbox 563 1814 724 1889; x_wconf 85' lang='lat' dir='ltr'>inutilem</span> <span class='ocrx_word' id='word_1_156' title='bbox 748 1838 794 1890; x_wconf 83' lang='lat' dir='ltr'>cx</span> <span class='ocrx_word' id='word_1_157' title='bbox 819 1839 970 1894; x_wconf 77' lang='lat' dir='ltr'>numeru</span> <span class='ocrx_word' id='word_1_158' title='bbox 995 1815 1256 1914; x_wconf 84' lang='lat' dir='ltr'>baptizatorum</span> <span class='ocrx_word' id='word_1_159' title='bbox 1283 1835 1360 1889; x_wconf 89' lang='lat' dir='ltr'>tum</span> <span class='ocrx_word' id='word_1_160' title='bbox 1386 1810 1600 1907; x_wconf 85' lang='lat' dir='ltr'>infantitnn,</span> 
     </span>
     <span class='ocr_line' id='line_1_16' title="bbox 66 1911 1601 2015; baseline -0.001 -22"><span class='ocrx_word' id='word_1_161' title='bbox 66 1938 143 1993; x_wconf 87' lang='lat' dir='ltr'>tum</span> <span class='ocrx_word' id='word_1_162' title='bbox 171 1918 376 1991; x_wconf 81' lang='lat' dir='ltr'>adultarum</span> <span class='ocrx_word' id='word_1_163' title='bbox 400 1914 648 2007; x_wconf 80' lang='lat' dir='ltr'>faeminarum,</span> <span class='ocrx_word' id='word_1_164' title='bbox 674 1941 779 2015; x_wconf 91' lang='lat' dir='ltr'>quem</span> <span class='ocrx_word' id='word_1_165' title='bbox 806 1916 913 1992; x_wconf 84' lang='lat' dir='ltr'>refert</span> <span class='ocrx_word' id='word_1_166' title='bbox 938 1916 1114 1992; x_wconf 89' lang='lat' dir='ltr'>Herrera.</span> <span class='ocrx_word' id='word_1_167' title='bbox 1151 1911 1284 2013; x_wconf 81' lang='lat' dir='ltr'>Qtoad</span> <span class='ocrx_word' id='word_1_168' title='bbox 1313 1913 1529 2008; x_wconf 89' lang='lat' dir='ltr'>secundum,</span> <span class='ocrx_word' id='word_1_169' title='bbox 1555 1939 1601 1991; x_wconf 86' lang='lat' dir='ltr'>ex</span> 
     </span>
     <span class='ocr_line' id='line_1_17' title="bbox 65 2013 1605 2117; baseline 0.001 -23"><span class='ocrx_word' id='word_1_170' title='bbox 65 2020 238 2095; x_wconf 84' lang='lat' dir='ltr'>licentiati</span> <span class='ocrx_word' id='word_1_171' title='bbox 265 2015 376 2093; x_wconf 88' lang='lat' dir='ltr'>Casas</span> <span class='ocrx_word' id='word_1_172' title='bbox 401 2016 623 2116; x_wconf 82' lang='lat' dir='ltr'>responsrone</span> <span class='ocrx_word' id='word_1_173' title='bbox 649 2020 861 2117; x_wconf 81' lang='lat' dir='ltr'>colligitur,</span> <span class='ocrx_word' id='word_1_174' title='bbox 899 2018 1112 2117; x_wconf 87' lang='lat' dir='ltr'>Episcopum</span> <span class='ocrx_word' id='word_1_175' title='bbox 1138 2016 1246 2095; x_wconf 82' lang='lat' dir='ltr'>Indos</span> <span class='ocrx_word' id='word_1_176' title='bbox 1271 2013 1386 2092; x_wconf 81' lang='lat' dir='ltr'>secisse</span> <span class='ocrx_word' id='word_1_177' title='bbox 1413 2017 1434 2090; x_wconf 71' lang='lat' dir='ltr'>a</span> <span class='ocrx_word' id='word_1_178' title='bbox 1468 2038 1605 2095; x_wconf 72' lang='lat' dir='ltr'>nature</span> 
     </span>
     <span class='ocr_line' id='line_1_18' title="bbox 64 2116 1604 2196; baseline -0.001 -1"><span class='ocrx_word' id='word_1_179' title='bbox 64 2117 179 2196; x_wconf 81' lang='lat' dir='ltr'>servos</span> <span class='ocrx_word' id='word_1_180' title='bbox 204 2119 397 2194; x_wconf 77' lang='lat' dir='ltr'>secundum</span> <span class='ocrx_word' id='word_1_181' title='bbox 422 2119 637 2196; x_wconf 88' lang='lat' dir='ltr'>sententiam</span> <span class='ocrx_word' id='word_1_182' title='bbox 663 2119 861 2196; x_wconf 81' lang='lat' dir='ltr'>Aristotelis</span> <span class='ocrx_word' id='word_1_183' title='bbox 887 2120 991 2194; x_wconf 85' lang='lat' dir='ltr'>initio</span> <span class='ocrx_word' id='word_1_184' title='bbox 1015 2118 1280 2196; x_wconf 86' lang='lat' dir='ltr'>Politicorum.</span> <span class='ocrx_word' id='word_1_185' title='bbox 1307 2118 1357 2194; x_wconf 77' lang='lat' dir='ltr'>At</span> <span class='ocrx_word' id='word_1_186' title='bbox 1394 2116 1604 2195; x_wconf 80' lang='lat' dir='ltr'>Aristoteles</span> 
     </span>
     <span class='ocr_line' id='line_1_19' title="bbox 65 2219 1602 2321; baseline 0 -24"><span class='ocrx_word' id='word_1_187' title='bbox 65 2243 146 2297; x_wconf 86' lang='lat' dir='ltr'>etun</span> <span class='ocrx_word' id='word_1_188' title='bbox 174 2221 225 2296; x_wconf 90' lang='lat' dir='ltr'>D.</span> <span class='ocrx_word' id='word_1_189' title='bbox 252 2222 408 2299; x_wconf 83' lang='lat' dir='ltr'>Thoma·</span> <span class='ocrx_word' id='word_1_190' title='bbox 424 2219 473 2295; x_wconf 89' lang='lat' dir='ltr'>ibi</span> <span class='ocrx_word' id='word_1_191' title='bbox 496 2221 610 2317; x_wconf 84' lang='lat' dir='ltr'>potest</span> <span class='ocrx_word' id='word_1_192' title='bbox 635 2221 816 2320; x_wconf 78' lang='lat' dir='ltr'>intelligi,</span> <span class='ocrx_word' id='word_1_193' title='bbox 851 2226 887 2298; x_wconf 78' lang='lat' dir='ltr'>dt</span> <span class='ocrx_word' id='word_1_194' title='bbox 913 2220 959 2297; x_wconf 87' lang='lat' dir='ltr'>src</span> <span class='ocrx_word' id='word_1_195' title='bbox 986 2223 1237 2321; x_wconf 82' lang='lat' dir='ltr'>interpretatur</span> <span class='ocrx_word' id='word_1_196' title='bbox 1262 2219 1393 2298; x_wconf 86' lang='lat' dir='ltr'>Acolla</span> <span class='ocrx_word' id='word_1_197' title='bbox 1429 2226 1529 2315; x_wconf 86' lang='lat' dir='ltr'>(a),</span> <span class='ocrx_word' id='word_1_198' title='bbox 1554 2220 1602 2297; x_wconf 84' lang='lat' dir='ltr'>de</span> 
     </span>
     <span class='ocr_line' id='line_1_20' title="bbox 67 2321 1599 2423; baseline -0.001 -23"><span class='ocrx_word' id='word_1_199' title='bbox 67 2322 230 2400; x_wconf 75' lang='lat' dir='ltr'>servium</span> <span class='ocrx_word' id='word_1_200' title='bbox 255 2324 434 2423; x_wconf 85' lang='lat' dir='ltr'>quadam,</span> <span class='ocrx_word' id='word_1_201' title='bbox 460 2347 534 2398; x_wconf 87' lang='lat' dir='ltr'>non</span> <span class='ocrx_word' id='word_1_202' title='bbox 559 2321 687 2414; x_wconf 91' lang='lat' dir='ltr'>herili,</span> <span class='ocrx_word' id='word_1_203' title='bbox 712 2323 770 2397; x_wconf 88' lang='lat' dir='ltr'>sed</span> <span class='ocrx_word' id='word_1_204' title='bbox 796 2323 942 2418; x_wconf 85' lang='lat' dir='ltr'>politica</span> <span class='ocrx_word' id='word_1_205' title='bbox 968 2346 1031 2398; x_wconf 88' lang='lat' dir='ltr'>aut</span> <span class='ocrx_word' id='word_1_206' title='bbox 1055 2325 1304 2415; x_wconf 73' lang='lat' dir='ltr'>oeconomica,</span> <span class='ocrx_word' id='word_1_207' title='bbox 1329 2342 1502 2422; x_wconf 82' lang='lat' dir='ltr'>quatenus</span> <span class='ocrx_word' id='word_1_208' title='bbox 1512 2347 1599 2399; x_wconf 88' lang='lat' dir='ltr'>con·</span> 
     </span>
     <span class='ocr_line' id='line_1_21' title="bbox 65 2420 1602 2524; baseline -0.002 -22"><span class='ocrx_word' id='word_1_209' title='bbox 65 2449 192 2524; x_wconf 86' lang='lat' dir='ltr'>gruum</span> <span class='ocrx_word' id='word_1_210' title='bbox 226 2425 275 2501; x_wconf 90' lang='lat' dir='ltr'>est</span> <span class='ocrx_word' id='word_1_211' title='bbox 311 2431 347 2504; x_wconf 76' lang='lat' dir='ltr'>dt</span> <span class='ocrx_word' id='word_1_212' title='bbox 372 2445 506 2499; x_wconf 83' lang='lat' dir='ltr'>naturae</span> <span class='ocrx_word' id='word_1_213' title='bbox 542 2420 753 2517; x_wconf 88' lang='lat' dir='ltr'>conforme,</span> <span class='ocrx_word' id='word_1_214' title='bbox 778 2445 819 2500; x_wconf 89' lang='lat' dir='ltr'>ut</span> <span class='ocrx_word' id='word_1_215' title='bbox 844 2425 1001 2499; x_wconf 83' lang='lat' dir='ltr'>rudiores</span> <span class='ocrx_word' id='word_1_216' title='bbox 1039 2423 1360 2523; x_wconf 73' lang='lat' dir='ltr'>asapienrioribus·</span> <span class='ocrx_word' id='word_1_217' title='bbox 1387 2445 1602 2524; x_wconf 78' lang='lat' dir='ltr'>regantur,</span> 
     </span>
     <span class='ocr_line' id='line_1_22' title="bbox 65 2524 1597 2628; baseline 0 -25"><span class='ocrx_word' id='word_1_218' title='bbox 65 2528 284 2625; x_wconf 87' lang='lat' dir='ltr'>dirigantur,</span> <span class='ocrx_word' id='word_1_219' title='bbox 310 2527 625 2624; x_wconf 83' lang='lat' dir='ltr'>corriganturque:</span> <span class='ocrx_word' id='word_1_220' title='bbox 650 2528 744 2623; x_wconf 89' lang='lat' dir='ltr'>quod</span> <span class='ocrx_word' id='word_1_221' title='bbox 770 2524 943 2601; x_wconf 84' lang='lat' dir='ltr'>servitutis</span> <span class='ocrx_word' id='word_1_222' title='bbox 967 2550 1075 2622; x_wconf 85' lang='lat' dir='ltr'>genus</span> <span class='ocrx_word' id='word_1_223' title='bbox 1111 2529 1207 2603; x_wconf 87' lang='lat' dir='ltr'>cadit</span> <span class='ocrx_word' id='word_1_224' title='bbox 1233 2528 1346 2604; x_wconf 86' lang='lat' dir='ltr'>etiam</span> <span class='ocrx_word' id='word_1_225' title='bbox 1371 2527 1409 2600; x_wconf 93' lang='lat' dir='ltr'>in</span> <span class='ocrx_word' id='word_1_226' title='bbox 1442 2524 1558 2603; x_wconf 86' lang='lat' dir='ltr'>filium</span> <span class='ocrx_word' id='word_1_227' title='bbox 1574 2580 1597 2628; x_wconf 34' lang='grc' dir='ltr'>Ι,</span> 
     </span>
     <span class='ocr_line' id='line_1_23' title="bbox 64 2626 977 2724; baseline -0.004 -20"><span class='ocrx_word' id='word_1_228' title='bbox 64 2654 152 2704; x_wconf 88' lang='lat' dir='ltr'>cum</span> <span class='ocrx_word' id='word_1_229' title='bbox 177 2626 411 2704; x_wconf 85' lang='lat' dir='ltr'>sitdominus</span> <span class='ocrx_word' id='word_1_230' title='bbox 501 2628 603 2702; x_wconf 88' lang='lat' dir='ltr'>nium</span> <span class='ocrx_word' id='word_1_231' title='bbox 634 2626 720 2716; x_wconf 79' lang='lat' dir='ltr'>&lt;nd</span> <span class='ocrx_word' id='word_1_232' title='bbox 744 2627 868 2703; x_wconf 87' lang='lat' dir='ltr'>Galat.</span> <span class='ocrx_word' id='word_1_233' title='bbox 894 2633 977 2724; x_wconf 80' lang='lat'>4).</span> 
     </span>
    </p>

    <p class='ocr_par' dir='ltr' id='par_1_5' title="bbox 110 2726 1597 2830">
     <span class='ocr_line' id='line_1_24' title="bbox 110 2726 1597 2830; baseline 0 -26"><span class='ocrx_word' id='word_1_234' title='bbox 110 2729 189 2804; x_wconf 89' lang='lat' dir='ltr'>Hic</span> <span class='ocrx_word' id='word_1_235' title='bbox 212 2730 436 2830; x_wconf 88' lang='lat' dir='ltr'>corrigendus</span> <span class='ocrx_word' id='word_1_236' title='bbox 461 2729 557 2820; x_wconf 81' lang='lat' dir='ltr'>¹enit</span> <span class='ocrx_word' id='word_1_237' title='bbox 580 2727 766 2804; x_wconf 90' lang='lat' dir='ltr'>Solorzani</span> <span class='ocrx_word' id='word_1_238' title='bbox 792 2753 890 2803; x_wconf 90' lang='lat' dir='ltr'>error</span> <span class='ocrx_word' id='word_1_239' title='bbox 916 2732 1041 2827; x_wconf 89' lang='lat' dir='ltr'>pluries</span> <span class='ocrx_word' id='word_1_240' title='bbox 1077 2731 1265 2828; x_wconf 80' lang='lat' dir='ltr'>repetitus,</span> <span class='ocrx_word' id='word_1_241' title='bbox 1293 2747 1371 2805; x_wconf 91' lang='lat' dir='ltr'>tum</span> <span class='ocrx_word' id='word_1_242' title='bbox 1397 2729 1435 2803; x_wconf 91' lang='lat' dir='ltr'>in</span> <span class='ocrx_word' id='word_1_243' title='bbox 1467 2726 1597 2805; x_wconf 88' lang='lat' dir='ltr'>Politi-</span> 
     </span>
    </p>
   </div>
   <div class='ocr_carea' id='block_1_3' title="bbox 66 2829 1600 2931">
    <p class='ocr_par' dir='ltr' id='par_1_6' title="bbox 66 2829 1600 2931">
     <span class='ocr_line' id='line_1_25' title="bbox 66 2829 1600 2931; baseline 0.001 -24"><span class='ocrx_word' id='word_1_244' title='bbox 66 2847 129 2924; x_wconf 73' lang='grc' dir='ltr'>ει,</span> <span class='ocrx_word' id='word_1_245' title='bbox 156 2850 234 2905; x_wconf 90' lang='lat' dir='ltr'>tum</span> <span class='ocrx_word' id='word_1_246' title='bbox 258 2834 297 2907; x_wconf 88' lang='lat' dir='ltr'>in</span> <span class='ocrx_word' id='word_1_247' title='bbox 321 2831 440 2930; x_wconf 82' lang='lat' dir='ltr'>Opere</span> <span class='ocrx_word' id='word_1_248' title='bbox 463 2833 585 2917; x_wconf 43' lang='lat' dir='ltr'>,latino</span> <span class='ocrx_word' id='word_1_249' title='bbox 643 2829 696 2906; x_wconf 91' lang='lat' dir='ltr'>Ibi</span> <span class='ocrx_word' id='word_1_250' title='bbox 760 2830 803 2916; x_wconf 83' lang='lat' dir='ltr'>b)</span> <span class='ocrx_word' id='word_1_251' title='bbox 831 2832 903 2906; x_wconf 91' lang='lat' dir='ltr'>ait:</span> <span class='ocrx_word' id='word_1_252' title='bbox 930 2834 974 2905; x_wconf 82' lang='lat' dir='ltr'>El</span> <span class='ocrx_word' id='word_1_253' title='bbox 997 2830 1113 2931; x_wconf 64' lang='lat' dir='ltr'>Obtspo</span> <span class='ocrx_word' id='word_1_254' title='bbox 1138 2834 1197 2908; x_wconf 88' lang='lat' dir='ltr'>del</span> <span class='ocrx_word' id='word_1_255' title='bbox 1233 2832 1374 2909; x_wconf 83' lang='lat' dir='ltr'>Darien</span> <span class='ocrx_word' id='word_1_256' title='bbox 1410 2829 1466 2904; x_wconf 79' lang='lat' dir='ltr'>Er.</span> <span class='ocrx_word' id='word_1_257' title='bbox 1493 2831 1600 2909; x_wconf 72' lang='lat' dir='ltr'>‘llio-</span> 
     </span>
    </p>
   </div>
   <div class='ocr_carea' id='block_1_4' title="bbox 63 2838 1755 3033">
    <p class='ocr_par' dir='ltr' id='par_1_7' title="bbox 63 2838 1755 3033">
     <span class='ocr_line' id='line_1_26' title="bbox 63 2838 1755 3033; baseline -0.001 -24"><span class='ocrx_word' id='word_1_258' title='bbox 63 2957 136 3009; x_wconf 86' lang='lat' dir='ltr'>tnas</span> <span class='ocrx_word' id='word_1_259' title='bbox 159 2931 269 3010; x_wconf 83' lang='lat' dir='ltr'>Ortiz</span> <span class='ocrx_word' id='word_1_260' title='bbox 289 2958 337 3009; x_wconf 79' lang='lat' dir='ltr'>era</span> <span class='ocrx_word' id='word_1_261' title='bbox 361 2921 515 3032; x_wconf 83' lang='lat' dir='ltr'>aqdellas</span> <span class='ocrx_word' id='word_1_262' title='bbox 540 2838 763 3031; x_wconf 41' lang='lat' dir='ltr'>palmadas}</span> <span class='ocrx_word' id='word_1_263' title='bbox 787 2933 962 3032; x_wconf 83' lang='lat' dir='ltr'>repetidas</span> <span class='ocrx_word' id='word_1_264' title='bbox 984 2934 1160 3033; x_wconf 83' lang='lat' dir='ltr'>disputas,</span> <span class='ocrx_word' id='word_1_265' title='bbox 1185 2958 1253 3033; x_wconf 88' lang='lat' dir='ltr'>que</span> <span class='ocrx_word' id='word_1_266' title='bbox 1278 2933 1378 3012; x_wconf 83' lang='lat' dir='ltr'>sobre</span> <span class='ocrx_word' id='word_1_267' title='bbox 1410 2931 1479 3011; x_wconf 86' lang='lat' dir='ltr'>elle</span> <span class='ocrx_word' id='word_1_268' title='bbox 1506 2959 1598 3031; x_wconf 83' lang='lat' dir='ltr'>pun·</span> <span class='ocrx_word' id='word_1_269' title='bbox 1738 2979 1755 3007; x_wconf 82' lang='lat'><strong>.</strong></span> 
     </span>
    </p>
   </div>
   <div class='ocr_carea' id='block_1_5' title="bbox 60 3032 1614 4739">
    <p class='ocr_par' dir='ltr' id='par_1_8' title="bbox 62 3032 1604 3642">
     <span class='ocr_line' id='line_1_27' title="bbox 65 3032 1598 3135; baseline 0.001 -24"><span class='ocrx_word' id='word_1_270' title='bbox 65 3053 104 3111; x_wconf 81' lang='lat' dir='ltr'>to</span> <span class='ocrx_word' id='word_1_271' title='bbox 135 3054 229 3113; x_wconf 79' lang='lat' dir='ltr'>ttrvo</span> <span class='ocrx_word' id='word_1_272' title='bbox 263 3059 334 3111; x_wconf 92' lang='lat' dir='ltr'>con</span> <span class='ocrx_word' id='word_1_273' title='bbox 359 3038 396 3108; x_wconf 89' lang='lat' dir='ltr'>el</span> <span class='ocrx_word' id='word_1_274' title='bbox 428 3032 569 3129; x_wconf 77' lang='lat' dir='ltr'>ubispo</span> <span class='ocrx_word' id='word_1_275' title='bbox 598 3034 644 3107; x_wconf 87' lang='lat' dir='ltr'>de</span> <span class='ocrx_word' id='word_1_276' title='bbox 667 3033 841 3130; x_wconf 80' lang='lat' dir='ltr'>Chiapa,</span> <span class='ocrx_word' id='word_1_277' title='bbox 876 3058 921 3109; x_wconf 91' lang='lat' dir='ltr'>cn</span> <span class='ocrx_word' id='word_1_278' title='bbox 946 3034 1120 3134; x_wconf 75' lang='lat' dir='ltr'>presencia</span> <span class='ocrx_word' id='word_1_279' title='bbox 1145 3037 1204 3109; x_wconf 91' lang='lat' dir='ltr'>del</span> <span class='ocrx_word' id='word_1_280' title='bbox 1228 3036 1343 3113; x_wconf 73' lang='lat' dir='ltr'>Setior</span> <span class='ocrx_word' id='word_1_281' title='bbox 1376 3034 1598 3135; x_wconf 82' lang='lat' dir='ltr'>Emperador</span> 
     </span>
     <span class='ocr_line' id='line_1_28' title="bbox 64 3130 1599 3236; baseline -0.001 -23"><span class='ocrx_word' id='word_1_282' title='bbox 64 3134 184 3214; x_wconf 86' lang='lat' dir='ltr'>Carlos</span> <span class='ocrx_word' id='word_1_283' title='bbox 211 3136 258 3210; x_wconf 79' lang='lat' dir='ltr'>V.</span> <span class='ocrx_word' id='word_1_284' title='bbox 284 3160 308 3229; x_wconf 92' lang='lat' dir='ltr'>y</span> <span class='ocrx_word' id='word_1_285' title='bbox 333 3134 378 3208; x_wconf 84' lang='lat' dir='ltr'>de</span> <span class='ocrx_word' id='word_1_286' title='bbox 402 3133 456 3209; x_wconf 87' lang='lat' dir='ltr'>sus</span> <span class='ocrx_word' id='word_1_287' title='bbox 479 3130 672 3224; x_wconf 68' lang='lat' dir='ltr'>conscios,</span> <span class='ocrx_word' id='word_1_288' title='bbox 698 3133 733 3208; x_wconf 87' lang='lat' dir='ltr'>se</span> <span class='ocrx_word' id='word_1_289' title='bbox 758 3134 892 3210; x_wconf 84' lang='lat' dir='ltr'>atreuio</span> <span class='ocrx_word' id='word_1_290' title='bbox 918 3137 938 3208; x_wconf 81' lang='lat' dir='ltr'>al</span> <span class='ocrx_word' id='word_1_291' title='bbox 963 3138 1061 3210; x_wconf 89' lang='lat' dir='ltr'>decir</span> <span class='ocrx_word' id='word_1_292' title='bbox 1085 3163 1107 3231; x_wconf 92' lang='lat' dir='ltr'>y</span> <span class='ocrx_word' id='word_1_293' title='bbox 1134 3135 1383 3236; x_wconf 82' lang='lat' dir='ltr'>affirmatque</span> <span class='ocrx_word' id='word_1_294' title='bbox 1414 3146 1429 3228; x_wconf 89' lang='lat'>(</span> <span class='ocrx_word' id='word_1_295' title='bbox 1455 3138 1509 3213; x_wconf 86' lang='lat' dir='ltr'>los</span> <span class='ocrx_word' id='word_1_296' title='bbox 1534 3135 1599 3212; x_wconf 80' lang='lat' dir='ltr'>In·</span> 
     </span>
     <span class='ocr_line' id='line_1_29' title="bbox 65 3232 1598 3337; baseline 0.002 -25"><span class='ocrx_word' id='word_1_297' title='bbox 65 3239 160 3331; x_wconf 86' lang='lat' dir='ltr'>dios)</span> <span class='ocrx_word' id='word_1_298' title='bbox 188 3261 280 3312; x_wconf 83' lang='lat' dir='ltr'>eran</span> <span class='ocrx_word' id='word_1_299' title='bbox 307 3234 433 3312; x_wconf 73' lang='lat' dir='ltr'>sacrvos</span> <span class='ocrx_word' id='word_1_300' title='bbox 456 3232 481 3308; x_wconf 76' lang='lat' dir='ltr'>l</span> <span class='ocrx_word' id='word_1_301' title='bbox 506 3249 654 3327; x_wconf 75' lang='lat' dir='ltr'>natura,</span> <span class='ocrx_word' id='word_1_302' title='bbox 680 3234 864 3310; x_wconf 87' lang='lat' dir='ltr'>contando</span> <span class='ocrx_word' id='word_1_303' title='bbox 888 3235 933 3310; x_wconf 85' lang='lat' dir='ltr'>de</span> <span class='ocrx_word' id='word_1_304' title='bbox 957 3239 1044 3315; x_wconf 87' lang='lat' dir='ltr'>ellos</span> <span class='ocrx_word' id='word_1_305' title='bbox 1070 3262 1092 3331; x_wconf 90' lang='lat' dir='ltr'>y</span> <span class='ocrx_word' id='word_1_306' title='bbox 1117 3239 1161 3312; x_wconf 90' lang='lat' dir='ltr'>de</span> <span class='ocrx_word' id='word_1_307' title='bbox 1186 3235 1226 3312; x_wconf 93' lang='lat' dir='ltr'>su</span> <span class='ocrx_word' id='word_1_308' title='bbox 1250 3239 1485 3337; x_wconf 85' lang='lat' dir='ltr'>incapacidad</span> <span class='ocrx_word' id='word_1_309' title='bbox 1516 3257 1598 3315; x_wconf 82' lang='lat' dir='ltr'>tan·</span> 
     </span>
     <span class='ocr_line' id='line_1_30' title="bbox 66 3335 1597 3437; baseline 0 -21"><span class='ocrx_word' id='word_1_310' title='bbox 66 3358 118 3416; x_wconf 80' lang='lat' dir='ltr'>tos</span> <span class='ocrx_word' id='word_1_311' title='bbox 147 3340 262 3417; x_wconf 85' lang='lat' dir='ltr'>vicios</span> <span class='ocrx_word' id='word_1_312' title='bbox 299 3358 537 3437; x_wconf 73' lang='lat' dir='ltr'>promeres,</span> <span class='ocrx_word' id='word_1_313' title='bbox 575 3360 642 3434; x_wconf 92' lang='lat' dir='ltr'>que</span> <span class='ocrx_word' id='word_1_314' title='bbox 667 3358 793 3434; x_wconf 85' lang='lat' dir='ltr'>patece</span> <span class='ocrx_word' id='word_1_315' title='bbox 828 3335 1036 3434; x_wconf 84' lang='lat' dir='ltr'>persuadian</span> <span class='ocrx_word' id='word_1_316' title='bbox 1071 3337 1179 3415; x_wconf 86' lang='lat' dir='ltr'>seles</span> <span class='ocrx_word' id='word_1_317' title='bbox 1204 3339 1309 3414; x_wconf 77' lang='lat' dir='ltr'>haria</span> <span class='ocrx_word' id='word_1_318' title='bbox 1340 3336 1516 3416; x_wconf 60' lang='lat' dir='ltr'>&gt;benelicio</span> <span class='ocrx_word' id='word_1_319' title='bbox 1547 3363 1597 3416; x_wconf 91' lang='lat' dir='ltr'>en</span> 
     </span>
     <span class='ocr_line' id='line_1_31' title="bbox 62 3436 1604 3544; baseline -0.001 -27"><span class='ocrx_word' id='word_1_320' title='bbox 62 3443 235 3540; x_wconf 87' lang='lat' dir='ltr'>quererlos</span> <span class='ocrx_word' id='word_1_321' title='bbox 258 3441 410 3533; x_wconf 85' lang='lat' dir='ltr'>domat,</span> <span class='ocrx_word' id='word_1_322' title='bbox 438 3458 557 3514; x_wconf 87' lang='lat' dir='ltr'>tomar</span> <span class='ocrx_word' id='word_1_323' title='bbox 580 3492 592 3530; x_wconf 94' lang='lat'>,</span> <span class='ocrx_word' id='word_1_324' title='bbox 618 3464 640 3532; x_wconf 91' lang='lat' dir='ltr'>y</span> <span class='ocrx_word' id='word_1_325' title='bbox 668 3458 766 3513; x_wconf 89' lang='lat' dir='ltr'>tener</span> <span class='ocrx_word' id='word_1_326' title='bbox 791 3463 855 3536; x_wconf 91' lang='lat' dir='ltr'>por</span> <span class='ocrx_word' id='word_1_327' title='bbox 889 3436 1066 3531; x_wconf 76' lang='lat' dir='ltr'>esclavor.</span> <span class='ocrx_word' id='word_1_328' title='bbox 1101 3438 1273 3544; x_wconf 85' lang='lat' dir='ltr'>Citatque</span> <span class='ocrx_word' id='word_1_329' title='bbox 1296 3440 1496 3519; x_wconf 61' lang='lat' dir='ltr'>skrreram</span> <span class='ocrx_word' id='word_1_330' title='bbox 1525 3444 1604 3535; x_wconf 73' lang='lat' dir='ltr'>(c)</span> 
     </span>
     <span class='ocr_line' id='line_1_32' title="bbox 63 3539 990 3642; baseline -0.001 -26"><span class='ocrx_word' id='word_1_331' title='bbox 63 3543 214 3642; x_wconf 84' lang='lat' dir='ltr'>pluribus</span> <span class='ocrx_word' id='word_1_332' title='bbox 238 3543 276 3616; x_wconf 92' lang='lat' dir='ltr'>in</span> <span class='ocrx_word' id='word_1_333' title='bbox 300 3544 413 3633; x_wconf 87' lang='lat' dir='ltr'>locis,</span> <span class='ocrx_word' id='word_1_334' title='bbox 438 3565 482 3616; x_wconf 84' lang='lat' dir='ltr'>ex</span> <span class='ocrx_word' id='word_1_335' title='bbox 507 3539 631 3641; x_wconf 81' lang='lat' dir='ltr'>quibus</span> <span class='ocrx_word' id='word_1_336' title='bbox 654 3563 752 3615; x_wconf 88' lang='lat' dir='ltr'>error</span> <span class='ocrx_word' id='word_1_337' title='bbox 779 3540 990 3617; x_wconf 86' lang='lat' dir='ltr'>innotescit.</span> 
     </span>
    </p>

    <p class='ocr_par' dir='ltr' id='par_1_9' title="bbox 60 3641 1614 4735">
     <span class='ocr_line' id='line_1_33' title="bbox 162 3641 1597 3741; baseline 0.002 -21"><span class='ocrx_word' id='word_1_338' title='bbox 162 3645 303 3741; x_wconf 83' lang='lat' dir='ltr'>Nempe</span> <span class='ocrx_word' id='word_1_339' title='bbox 338 3641 526 3719; x_wconf 84' lang='lat' dir='ltr'>confundit</span> <span class='ocrx_word' id='word_1_340' title='bbox 561 3641 776 3718; x_wconf 85' lang='lat' dir='ltr'>Solorzanus</span> <span class='ocrx_word' id='word_1_341' title='bbox 810 3642 995 3719; x_wconf 88' lang='lat' dir='ltr'>Thomam</span> <span class='ocrx_word' id='word_1_342' title='bbox 1031 3643 1137 3721; x_wconf 91' lang='lat' dir='ltr'>Ortiz</span> <span class='ocrx_word' id='word_1_343' title='bbox 1181 3644 1467 3724; x_wconf 83' lang='lat' dir='ltr'>Dominicanum</span> <span class='ocrx_word' id='word_1_344' title='bbox 1511 3671 1597 3723; x_wconf 90' lang='lat' dir='ltr'>cum</span> 
     </span>
     <span class='ocr_line' id='line_1_34' title="bbox 61 3741 1596 3846; baseline 0.002 -25"><span class='ocrx_word' id='word_1_345' title='bbox 61 3742 198 3843; x_wconf 87' lang='lat' dir='ltr'>Joanne</span> <span class='ocrx_word' id='word_1_346' title='bbox 233 3741 365 3842; x_wconf 79' lang='lat' dir='ltr'>Qredo</span> <span class='ocrx_word' id='word_1_347' title='bbox 400 3741 659 3836; x_wconf 78' lang='lat' dir='ltr'>franciscam,</span> <span class='ocrx_word' id='word_1_348' title='bbox 696 3744 908 3843; x_wconf 87' lang='lat' dir='ltr'>Episcopum</span> <span class='ocrx_word' id='word_1_349' title='bbox 942 3746 1078 3823; x_wconf 63' lang='lat' dir='ltr'>saraa</span> <span class='ocrx_word' id='word_1_350' title='bbox 1109 3745 1265 3824; x_wconf 82' lang='lat' dir='ltr'>Marthae</span> <span class='ocrx_word' id='word_1_351' title='bbox 1300 3773 1384 3825; x_wconf 89' lang='lat' dir='ltr'>cum</span> <span class='ocrx_word' id='word_1_352' title='bbox 1418 3746 1596 3846; x_wconf 87' lang='lat' dir='ltr'>Episcopo</span> 
     </span>
     <span class='ocr_line' id='line_1_35' title="bbox 60 3846 1596 3946; baseline 0.003 -23"><span class='ocrx_word' id='word_1_353' title='bbox 60 3847 251 3939; x_wconf 78' lang='lat' dir='ltr'>Datienis,</span> <span class='ocrx_word' id='word_1_354' title='bbox 275 3846 550 3945; x_wconf 87' lang='lat' dir='ltr'>disputationem</span> <span class='ocrx_word' id='word_1_355' title='bbox 575 3846 738 3921; x_wconf 89' lang='lat' dir='ltr'>habitam</span> <span class='ocrx_word' id='word_1_356' title='bbox 765 3871 862 3920; x_wconf 91' lang='lat' dir='ltr'>anno</span> <span class='ocrx_word' id='word_1_357' title='bbox 892 3870 1026 3941; x_wconf 81' lang='lat'>1519.,</span> <span class='ocrx_word' id='word_1_358' title='bbox 1052 3874 1123 3944; x_wconf 89' lang='lat' dir='ltr'>quo</span> <span class='ocrx_word' id='word_1_359' title='bbox 1147 3869 1308 3921; x_wconf 79' lang='lat' dir='ltr'>mortuus</span> <span class='ocrx_word' id='word_1_360' title='bbox 1333 3846 1383 3924; x_wconf 89' lang='lat' dir='ltr'>est</span> <span class='ocrx_word' id='word_1_361' title='bbox 1399 3847 1596 3946; x_wconf 77' lang='lat' dir='ltr'>Episcopus</span> 
     </span>
     <span class='ocr_line' id='line_1_36' title="bbox 62 3944 1614 4042; baseline 0 -17"><span class='ocrx_word' id='word_1_362' title='bbox 62 3946 261 4039; x_wconf 81' lang='lat' dir='ltr'>Darienis,</span> <span class='ocrx_word' id='word_1_363' title='bbox 295 3973 378 4025; x_wconf 81' lang='lat' dir='ltr'>cum</span> <span class='ocrx_word' id='word_1_364' title='bbox 414 3947 547 4022; x_wconf 84' lang='lat' dir='ltr'>habitis·</span> <span class='ocrx_word' id='word_1_365' title='bbox 566 3948 629 4021; x_wconf 84' lang='lat' dir='ltr'>diu</span> <span class='ocrx_word' id='word_1_366' title='bbox 656 3945 731 4042; x_wconf 86' lang='lat' dir='ltr'>post</span> <span class='ocrx_word' id='word_1_367' title='bbox 766 3948 858 4021; x_wconf 86' lang='lat' dir='ltr'>inter</span> <span class='ocrx_word' id='word_1_368' title='bbox 893 3947 948 4020; x_wconf 88' lang='lat'>111.</span> <span class='ocrx_word' id='word_1_369' title='bbox 972 3946 1103 4039; x_wconf 82' lang='lat' dir='ltr'>Casas,</span> <span class='ocrx_word' id='word_1_370' title='bbox 1129 3952 1165 4023; x_wconf 73' lang='grc' dir='ltr'>ὃ(</span> <span class='ocrx_word' id='word_1_371' title='bbox 1188 3944 1365 4040; x_wconf 77' lang='lat' dir='ltr'>loannem</span> <span class='ocrx_word' id='word_1_372' title='bbox 1401 3947 1614 4025; x_wconf 75' lang='lat' dir='ltr'>Crenesruntt</span> 
     </span>
     <span class='ocr_line' id='line_1_37' title="bbox 64 4043 1611 4151; baseline 0 -26"><span class='ocrx_word' id='word_1_373' title='bbox 64 4051 107 4125; x_wconf 70' lang='grc' dir='ltr'>ὰ</span> <span class='ocrx_word' id='word_1_374' title='bbox 122 4050 353 4151; x_wconf 62' lang='grc' dir='ltr'>’δεριινςάιι</span> <span class='ocrx_word' id='word_1_375' title='bbox 376 4043 539 4148; x_wconf 76' lang='lat' dir='ltr'>Episcopi</span> <span class='ocrx_word' id='word_1_376' title='bbox 566 4046 750 4125; x_wconf 82' lang='lat' dir='ltr'>Dariensrs</span> <span class='ocrx_word' id='word_1_377' title='bbox 773 4045 965 4144; x_wconf 86' lang='lat' dir='ltr'>disput-atio</span> <span class='ocrx_word' id='word_1_378' title='bbox 989 4072 1079 4124; x_wconf 85' lang='lat' dir='ltr'>eum-</span> <span class='ocrx_word' id='word_1_379' title='bbox 1098 4048 1176 4126; x_wconf 90' lang='lat' dir='ltr'>Lic.</span> <span class='ocrx_word' id='word_1_380' title='bbox 1201 4045 1312 4128; x_wconf 84' lang='lat' dir='ltr'>Casas</span> <span class='ocrx_word' id='word_1_381' title='bbox 1337 4050 1492 4126; x_wconf 89' lang='lat' dir='ltr'>necdum</span> <span class='ocrx_word' id='word_1_382' title='bbox 1515 4049 1611 4147; x_wconf 57' lang='lat' dir='ltr'>Epo,</span> 
     </span>
     <span class='ocr_line' id='line_1_38' title="bbox 62 4147 1609 4248; baseline 0.005 -23"><span class='ocrx_word' id='word_1_383' title='bbox 62 4149 194 4248; x_wconf 77' lang='lat' dir='ltr'>scopo,</span> <span class='ocrx_word' id='word_1_384' title='bbox 216 4151 376 4228; x_wconf 74' lang='lat' dir='ltr'>necdum</span> <span class='ocrx_word' id='word_1_385' title='bbox 392 4151 569 4230; x_wconf 79' lang='lat' dir='ltr'>Ordinem</span> <span class='ocrx_word' id='word_1_386' title='bbox 605 4147 881 4226; x_wconf 72' lang='lat' dir='ltr'>Praedicatomm</span> <span class='ocrx_word' id='word_1_387' title='bbox 907 4147 1089 4248; x_wconf 85' lang='lat' dir='ltr'>ingresso,</span> <span class='ocrx_word' id='word_1_388' title='bbox 1111 4148 1223 4226; x_wconf 81' lang='lat' dir='ltr'>linem</span> <span class='ocrx_word' id='word_1_389' title='bbox 1249 4149 1374 4228; x_wconf 86' lang='lat' dir='ltr'>habuit</span> <span class='ocrx_word' id='word_1_390' title='bbox 1404 4150 1497 4228; x_wconf 84' lang='lat' dir='ltr'>hora</span> <span class='ocrx_word' id='word_1_391' title='bbox 1522 4150 1609 4233; x_wconf 72' lang='lat' dir='ltr'>bra·</span> 
     </span>
     <span class='ocr_line' id='line_1_39' title="bbox 62 4243 1612 4355; baseline 0.004 -27"><span class='ocrx_word' id='word_1_392' title='bbox 62 4254 96 4328; x_wconf 77' lang='lat' dir='ltr'>ri</span> <span class='ocrx_word' id='word_1_393' title='bbox 123 4253 214 4340; x_wconf 73' lang='lat' dir='ltr'>(al).</span> <span class='ocrx_word' id='word_1_394' title='bbox 237 4254 367 4354; x_wconf 68' lang='lat' dir='ltr'>Neqoe</span> <span class='ocrx_word' id='word_1_395' title='bbox 386 4243 502 4355; x_wconf 79' lang='lat' dir='ltr'>usque·</span> <span class='ocrx_word' id='word_1_396' title='bbox 520 4251 653 4329; x_wconf 77' lang='lat' dir='ltr'>a-Dco</span> <span class='ocrx_word' id='word_1_397' title='bbox 677 4250 858 4329; x_wconf 68' lang='lat' dir='ltr'>sententio</span> <span class='ocrx_word' id='word_1_398' title='bbox 883 4253 926 4330; x_wconf 92' lang='lat' dir='ltr'>de</span> <span class='ocrx_word' id='word_1_399' title='bbox 953 4251 1126 4330; x_wconf 77' lang='lat' dir='ltr'>Indorum</span> <span class='ocrx_word' id='word_1_400' title='bbox 1151 4251 1317 4331; x_wconf 85' lang='lat' dir='ltr'>servitute</span> <span class='ocrx_word' id='word_1_401' title='bbox 1344 4251 1491 4330; x_wconf 83' lang='lat' dir='ltr'>adhaesrt</span> <span class='ocrx_word' id='word_1_402' title='bbox 1516 4253 1612 4335; x_wconf 65' lang='lat' dir='ltr'>Da*</span> 
     </span>
     <span class='ocr_line' id='line_1_40' title="bbox 67 4352 1611 4455; baseline 0.004 -27"><span class='ocrx_word' id='word_1_403' title='bbox 67 4352 209 4447; x_wconf 84' lang='lat' dir='ltr'>rienfis,</span> <span class='ocrx_word' id='word_1_404' title='bbox 232 4358 317 4455; x_wconf 82' lang='lat' dir='ltr'>quin</span> <span class='ocrx_word' id='word_1_405' title='bbox 343 4358 444 4434; x_wconf 87' lang='lat' dir='ltr'>illam</span> <span class='ocrx_word' id='word_1_406' title='bbox 471 4356 664 4454; x_wconf 84' lang='lat' dir='ltr'>aliqnando</span> <span class='ocrx_word' id='word_1_407' title='bbox 690 4354 986 4453; x_wconf 89' lang='lat' dir='ltr'>reprehenderit,</span> <span class='ocrx_word' id='word_1_408' title='bbox 1012 4375 1054 4431; x_wconf 93' lang='lat' dir='ltr'>ut</span> <span class='ocrx_word' id='word_1_409' title='bbox 1089 4381 1172 4431; x_wconf 90' lang='lat' dir='ltr'>cum</span> <span class='ocrx_word' id='word_1_410' title='bbox 1204 4354 1428 4435; x_wconf 78' lang='lat' dir='ltr'>franciscus·</span> <span class='ocrx_word' id='word_1_411' title='bbox 1443 4354 1611 4440; x_wconf 73' lang='lat' dir='ltr'>Becerra¹</span> 
     </span>
     <span class='ocr_line' id='line_1_41' title="bbox 70 4454 1595 4557; baseline 0.002 -22"><span class='ocrx_word' id='word_1_412' title='bbox 70 4458 179 4552; x_wconf 80' lang='lat' dir='ltr'>plures</span> <span class='ocrx_word' id='word_1_413' title='bbox 201 4481 322 4550; x_wconf 61' lang='lat' dir='ltr'>matut</span> <span class='ocrx_word' id='word_1_414' title='bbox 338 4479 462 4557; x_wconf 89' lang='lat' dir='ltr'>captos</span> <span class='ocrx_word' id='word_1_415' title='bbox 489 4459 526 4532; x_wconf 89' lang='lat' dir='ltr'>in</span> <span class='ocrx_word' id='word_1_416' title='bbox 551 4456 752 4536; x_wconf 86' lang='lat' dir='ltr'>Darienem</span> <span class='ocrx_word' id='word_1_417' title='bbox 777 4454 968 4556; x_wconf 87' lang='lat' dir='ltr'>asportavit</span> <span class='ocrx_word' id='word_1_418' title='bbox 994 4482 1090 4533; x_wconf 89' lang='lat' dir='ltr'>anno</span> <span class='ocrx_word' id='word_1_419' title='bbox 1120 4479 1253 4556; x_wconf 85' lang='lat'>1515.,</span> <span class='ocrx_word' id='word_1_420' title='bbox 1273 4459 1530 4533; x_wconf 82' lang='lat' dir='ltr'>contradicimdo</span> <span class='ocrx_word' id='word_1_421' title='bbox 1559 4463 1595 4538; x_wconf 90' lang='lat' dir='ltr'>el</span> 
     </span>
     <span class='ocr_line' id='line_1_42' title="bbox 71 4554 1597 4735; baseline 0.002 -101"><span class='ocrx_word' id='word_1_422' title='bbox 71 4554 200 4657; x_wconf 83' lang='lat' dir='ltr'>obispo</span> <span class='ocrx_word' id='word_1_423' title='bbox 224 4560 261 4638; x_wconf 81' lang='lat' dir='ltr'>la</span> <span class='ocrx_word' id='word_1_424' title='bbox 284 4558 368 4637; x_wconf 84' lang='lat' dir='ltr'>saca</span> <span class='ocrx_word' id='word_1_425' title='bbox 393 4560 437 4637; x_wconf 92' lang='lat' dir='ltr'>de</span> <span class='ocrx_word' id='word_1_426' title='bbox 461 4560 571 4653; x_wconf 81' lang='lat' dir='ltr'>ellos,</span> <span class='ocrx_word' id='word_1_427' title='bbox 597 4583 727 4659; x_wconf 89' lang='lat' dir='ltr'>porque</span> <span class='ocrx_word' id='word_1_428' title='bbox 752 4559 856 4636; x_wconf 86' lang='lat' dir='ltr'>decia</span> <span class='ocrx_word' id='word_1_429' title='bbox 890 4582 957 4657; x_wconf 89' lang='lat' dir='ltr'>que</span> <span class='ocrx_word' id='word_1_430' title='bbox 981 4584 1032 4635; x_wconf 89' lang='lat' dir='ltr'>no</span> <span class='ocrx_word' id='word_1_431' title='bbox 1059 4561 1156 4636; x_wconf 86' lang='lat' dir='ltr'>tenia</span> <span class='ocrx_word' id='word_1_432' title='bbox 1181 4585 1246 4658; x_wconf 89' lang='lat' dir='ltr'>por</span> <span class='ocrx_word' id='word_1_433' title='bbox 1281 4560 1385 4637; x_wconf 91' lang='lat' dir='ltr'>licito</span> <span class='ocrx_word' id='word_1_434' title='bbox 1407 4559 1597 4735; x_wconf 65' lang='lat' dir='ltr'>estcbapro-</span> 
     </span>
    </p>

    <p class='ocr_par' dir='ltr' id='par_1_10' title="bbox 681 4688 1543 4739">
     <span class='ocr_line' id='line_1_43' title="bbox 681 4688 1543 4739; baseline -0.007 0"><span class='ocrx_word' id='word_1_435' title='bbox 681 4695 683 4699; x_wconf 92' lang='lat'>·</span> <span class='ocrx_word' id='word_1_436' title='bbox 1416 4688 1478 4739; x_wconf 83' lang='lat' dir='ltr'>vec</span> <span class='ocrx_word' id='word_1_437' title='bbox 1501 4689 1543 4733; x_wconf 87' lang='lat' dir='ltr'>a·</span> 
     </span>
    </p>
   </div>
   <div class='ocr_carea' id='block_1_6' title="bbox 67 4782 1595 5238">
    <p class='ocr_par' dir='ltr' id='par_1_11' title="bbox 67 4782 1595 4997">
     <span class='ocr_line' id='line_1_44' title="bbox 67 4782 1595 4816; baseline -0.001 -2"><span class='ocrx_word' id='word_1_438' title='bbox 67 4782 1595 4816; x_wconf 58' lang='lat' dir='ltr'>mun—mauu·-</span> 
     </span>
     <span class='ocr_line' id='line_1_45' title="bbox 69 4925 1032 4997; baseline 0.001 -11"><span class='ocrx_word' id='word_1_439' title='bbox 69 4933 122 4992; x_wconf 59' lang='lat' dir='ltr'>m?</span> <span class='ocrx_word' id='word_1_440' title='bbox 138 4925 364 4997; x_wconf 57' lang='lat' dir='ltr'>Mfflesaehmp</span> <span class='ocrx_word' id='word_1_441' title='bbox 382 4928 434 4988; x_wconf 56' lang='lat' dir='ltr'>lib·</span> <span class='ocrx_word' id='word_1_442' title='bbox 447 4950 474 4996; x_wconf 72' lang='lat'>3·</span> <span class='ocrx_word' id='word_1_443' title='bbox 493 4927 623 4995; x_wconf 44' lang='lat' dir='ltr'>Capyn·</span> <span class='ocrx_word' id='word_1_444' title='bbox 848 4929 870 4986; x_wconf 73' lang='lat' dir='ltr'>l·</span> <span class='ocrx_word' id='word_1_445' title='bbox 892 4934 919 4982; x_wconf 59' lang='grc' dir='ltr'><strong>ὀ</strong></span> <span class='ocrx_word' id='word_1_446' title='bbox 939 4946 962 4987; x_wconf 70' lang='lat' dir='ltr'>c·</span> <span class='ocrx_word' id='word_1_447' title='bbox 986 4949 1032 4987; x_wconf 74' lang='lat'>10·</span> 
     </span>
    </p>

    <p class='ocr_par' dir='ltr' id='par_1_12' title="bbox 70 4998 1347 5238">
     <span class='ocr_line' id='line_1_46' title="bbox 108 4998 1337 5087; baseline -0.004 -20"><span class='ocrx_word' id='word_1_448' title='bbox 108 4998 162 5070; x_wconf 84' lang='lat' dir='ltr'>(b)</span> <span class='ocrx_word' id='word_1_449' title='bbox 183 5005 291 5063; x_wconf 68' lang='lat' dir='ltr'>soloen.</span> <span class='ocrx_word' id='word_1_450' title='bbox 310 5021 371 5067; x_wconf 72' lang='lat' dir='ltr'>em</span> <span class='ocrx_word' id='word_1_451' title='bbox 389 5005 563 5080; x_wconf 54' lang='lat' dir='ltr'>ciffis-eum</span> <span class='ocrx_word' id='word_1_452' title='bbox 576 5005 629 5068; x_wconf 66' lang='lat' dir='ltr'>ltu</span> <span class='ocrx_word' id='word_1_453' title='bbox 650 5023 679 5064; x_wconf 79' lang='grc' dir='ltr'>ι.</span> <span class='ocrx_word' id='word_1_454' title='bbox 703 5007 764 5071; x_wconf 72' lang='lat' dir='ltr'>aar.</span> <span class='ocrx_word' id='word_1_455' title='bbox 782 5024 806 5068; x_wconf 84' lang='lat' dir='ltr'>c.</span> <span class='ocrx_word' id='word_1_456' title='bbox 852 5042 857 5050; x_wconf 90' lang='lat'><em>·</em></span> <span class='ocrx_word' id='word_1_457' title='bbox 889 5004 949 5087; x_wconf 76' lang='lat' dir='ltr'>(d)</span> <span class='ocrx_word' id='word_1_458' title='bbox 968 5009 1048 5068; x_wconf 72' lang='lat' dir='ltr'>Heer.</span> <span class='ocrx_word' id='word_1_459' title='bbox 1067 5009 1152 5080; x_wconf 56' lang='lat' dir='ltr'>Da.</span> <span class='ocrx_word' id='word_1_460' title='bbox 1171 5008 1194 5067; x_wconf 79' lang='lat'>1.</span> <span class='ocrx_word' id='word_1_461' title='bbox 1216 5021 1243 5075; x_wconf 69' lang='grc' dir='ltr'>ι.</span> <span class='ocrx_word' id='word_1_462' title='bbox 1262 5022 1287 5065; x_wconf 87' lang='lat' dir='ltr'>r.</span> <span class='ocrx_word' id='word_1_463' title='bbox 1309 5026 1337 5074; x_wconf 80' lang='grc' dir='ltr'>ς.</span> 
     </span>
     <span class='ocr_line' id='line_1_47' title="bbox 70 5081 1347 5238; baseline -0.002 -96"><span class='ocrx_word' id='word_1_464' title='bbox 70 5081 331 5146; x_wconf 59' lang='grc' dir='ltr'>ιθίιαυ</span> <span class='ocrx_word' id='word_1_465' title='bbox 1163 5101 1347 5238; x_wconf 42' lang='lat' dir='ltr'>M·„w</span> 
     </span>
    </p>
   </div>
   <div class='ocr_carea' id='block_1_7' title="bbox 1794 2177 1898 2224">
    <p class='ocr_par' dir='ltr' id='par_1_13' title="bbox 1794 2177 1898 2224">
     <span class='ocr_line' id='line_1_48' title="bbox 1794 2177 1898 2224; baseline 0 -7"><span class='ocrx_word' id='word_1_466' title='bbox 1794 2177 1898 2224; x_wconf 39' lang='lat' dir='ltr'>N</span> 
     </span>
    </p>
   </div>
   <div class='ocr_carea' id='block_1_8' title="bbox 0 0 1936 5686">
    <p class='ocr_par' dir='ltr' id='par_1_14' title="bbox 0 0 1936 5686">
     <span class='ocr_line' id='line_1_49' title="bbox 0 0 1936 5686; baseline 0 1"><span class='ocrx_word' id='word_1_467' title='bbox 0 0 1936 5686; x_wconf 95' lang='lat' dir='ltr'> </span> 
     </span>
    </p>
   </div>
  </div>
 </body>
</html>
