3864 5686
389 365 441 447 34
925 332 1283 413 FAS'TI
1432 420 1435 424 Α

337 493 414 567 sam
440 485 486 562 ab
508 478 719 560 Asccnfionc
745 472 1013 577 conspicantur.
1039 474 1133 552 Haec
1154 495 1277 552 acroam
1311 472 1367 548 oti
1391 473 1429 549 in
1453 470 1687 574 Ephemeride
1723 485 1878 565 adnotat

338 592 522 671 Schouten
548 608 591 660 ex
616 580 770 659 Martini
795 580 872 656 Vaz
897 577 1021 657 insulis
1041 606 1114 657 una
1139 578 1212 655 est:
1239 603 1316 678 quo
1341 577 1486 677 quidem
1511 578 1536 652 ir
1557 608 1651 684 quo,
1676 613 1792 688 quove
1812 607 1876 667 an.

337 721 388 774 no
413 697 565 770 inventa
589 684 680 779 snit,
706 687 871 782 ignotum
895 682 1067 760 mihiest.
1095 685 1109 714 *
1135 680 1222 780 Qto
1248 681 1525 758 adinventorem
1551 693 1703 787 attinet,
1730 691 1777 768 ad
1798 720 1878 771 ma-

337 822 426 876 num
450 790 500 869 est
525 789 708 868 Martinus
731 789 808 865 Vaz
832 785 893 864 seo
919 786 1020 866 Va'e'z
1042 784 1258 865 Lufitanm·
1295 784 1358 862 De
1382 811 1456 886 quo
1477 814 1554 865 non
1591 794 1730 874 dubitat
1753 794 1877 876 Coseti

125 879 135 893 ¹
226 998 232 1005 ‚
276 987 286 995 ff
338 895 650 978 nDiaionario.
678 892 724 965 V.
749 891 936 980 Vnst„

646 994 829 1071 Maireum
853 991 1007 1070 fretum.
1033 997 1138 1094 lang.
1164 1012 1252 1092 310.
1281 1021 1292 1067 ε
1317 994 1398 1067 sat.
1425 1020 1474 1066 m.
1501 1017 1563 1092 54.
1860 1056 1862 1059 ,

388 1101 572 1182 Schouten
598 1105 634 1179 dc
657 1097 847 1176 [re-Marito
871 1098 1016 1173 veniunt
1044 1119 1104 1196 25.
1140 1094 1224 1193 jan.
1249 1097 1288 1171 in
1324 1094 1547 1194 conspectum
1579 1097 1661 1178 freti
1694 1105 1878 1198 cujusdam

339 1209 386 1286 ad
411 1205 601 1283 meridiem
622 1200 878 1301 Magallanici.
905 1201 1003 1278 Nori
1029 1196 1112 1276 freti
1135 1199 1304 1276 lateribus
1328 1225 1423 1275 noua
1448 1200 1537 1277 dant
1561 1210 1711 1286 nomina
1733 1238 1745 1300 ;
1772 1215 1879 1312 atque

337 1307 512 1387 finisn'um
536 1307 677 1407 quidem
702 1304 798 1403 quod
823 1304 983 1380 meditun
1010 1304 1104 1379 inter
1128 1304 1306 1379 orientem
1331 1307 1367 1381 d(
1405 1302 1560 1383 austrum
1595 1315 1771 1409 promicat
1795 1321 1878 1390 Scae

335 1434 432 1492 taram
456 1417 623 1502 Terram,
648 1408 814 1484 dextrum
840 1432 924 1483 vero
949 1408 1044 1506 quod
1071 1405 1117 1481 ad
1142 1408 1366 1482 occidentem
1391 1407 1538 1505 vergit,
1565 1436 1695 1490 vocant
1720 1416 1876 1494 Terram

332 1515 505 1594 Mauririi
530 1515 566 1589 de
591 1511 737 1604 Naffarr.
765 1508 925 1587 Penitius
950 1510 1081 1586 codam
1104 1507 1305 1586 diefretum
1331 1509 1553 1608 introgreffr,
1578 1516 1693 1614 plures
1718 1515 1778 1594 scd
1801 1523 1876 1597 exi-

335 1643 424 1721 guas
451 1614 648 1719 adspiciunt
676 1612 804 1689 insulas
829 1632 958 1712 quarto
983 1611 1058 1712 post
1083 1610 1166 1706 die,
1191 1613 1322 1713 quasit
1347 1608 1570 1692 Bameveido
1594 1622 1786 1698 nominant
1810 1625 1878 1700 ho·

334 1721 487 1800 notandi
512 1717 616 1796 causa
642 1714 819 1814 Joannem
843 1716 926 1790 Van
950 1713 1077 1790 Ordrn
1100 1710 1301 1792 Barnereld
1327 1713 1583 1794 Consrliarium
1607 1718 1877 1804 Pensionarium

333 1823 542 1916 Hoslandiae
569 1847 615 1896 ac
636 1817 752 1895 Frifiae
778 1817 1033 1895 occidentalis.
1058 1815 1132 1895 Die
1158 1842 1220 1912 ²9·
1248 1817 1361 1894 visum
1398 1820 1515 1914 primo
1550 1830 1836 1921 promontorium
1865 1881 1891 1924 ‚„

334 1929 433 2030 quod
457 1926 501 2002 de
526 1926 651 2024 patriar
675 1921 744 1998 sua
767 1923 913 2000 nomine
940 1921 983 1997 ab
1008 1919 1140 1996 Homo
1166 1940 1273 1998 vocat
1289 1920 1493 2000 Schoutcn.
1520 1922 1667 2004 Fretum
1688 1930 1773 2004 veri>
1794 1958 1877 2032 pra·—

336 2028 493 2130 tergrefft
519 2029 601 2105 sunt
623 2024 721 2102 febr.
752 2047 831 2118 12„
858 2026 963 2125 idque
985 2025 1167 2100 Mairaerm
1193 2025 1437 2125 appellatum,
1464 2028 1561 2126 quod
1585 2054 1670 2106 nem
1736 2031 1879 2112 Isarcus

335 2129 529 2214 Le·Maire·
559 2127 683 2228 Jacobi
718 2149 819 2226 pater
851 2129 1027 2218 majorem
1063 2127 1142 2204 aliis
1167 2127 1331 2203 omnibus
1367 2134 1571 2208 contulerat
1595 2131 1671 2228 sym
1732 2163 1792 2213 am
1828 2139 1875 2216 ad

335 2262 420 2314 eam
442 2230 586 2311 classem
612 2232 880 2308 adornandam.
906 2230 1074 2330 Denique
1099 2231 1183 2304 ditm
1207 2232 1273 2305 iter
1301 2233 1337 2329 in
1364 2230 1548 2331 Europam
1571 2239 1880 2341 remetiunturper

336 2338 547 2430 Moluccas,
573 2361 683 2412 novas
708 2336 893 2411 inveniunt
921 2332 1049 2409 insulas
1075 2335 1201 2407 incolis
1227 2358 1301 2409 non
1328 2329 1586 2432 infrequentes,
1613 2341 1652 2419 in
1677 2342 1732 2418 his
1756 2343 1881 2421 bom.

336 2446 408 2519 lem
435 2459 551 2517 totam
576 2441 687 2516 Nova
712 2438 863 2515 Guineae
889 2460 1012 2512 oram.
1039 2434 1086 2510 In
1112 2434 1352 2511 Hollandiam
1376 2437 1461 2512 orbe
1496 2441 1724 2521 circumdato
1759 2448 1881 2546 appul-

338 2543 390 2636 sr,
417 2545 455 2618 in
481 2542 681 2620 rationario
706 2542 847 2618 dierum
872 2543 908 2617 dr
933 2539 1079 2637 quidem
1103 2538 1170 2614 tite
1195 2539 1342 2615 dedusio
1368 2541 1657 2621 animadvertunt
1675 2549 1788 2623 unius
1806 2551 1880 2627 diei

339 2645 613 2744 discrepantiam
638 2645 659 2719 a
685 2645 844 2738 vulgari,
872 2662 949 2718 erat
975 2643 1074 2717 enim
1098 2641 1172 2718 dies
1199 2640 1330 2718 Martis
1355 2643 1415 2742 qui
1440 2641 1557 2719 Luna
1577 2649 1789 2745 putabatur.

388 2747 529 2825 Eodem
552 2747 622 2821 hoc
649 2753 747 2819 anno
783 2744 947 2822 Thomas
982 2743 1039 2820 Ed
1063 2770 1101 2818 er
1125 2743 1264 2844 Angsur
1301 2744 1350 2819 ad
1381 2744 1638 2825 Gro‘e'nlandiae
1672 2751 1880 2848 septentrio-

339 2872 425 2928 nem
452 2850 598 2950 adspicit
624 2847 800 2943 insulam,
825 2847 1007 2947 quamde
1070 2875 1094 2924 o
1118 2847 1267 2925 nomine
1292 2864 1416 2923 vocat.
1484 2921 1485 2924 r

1056 3058 1169 3150 1617.
1866 3102 1871 3109 -

337 3238 344 3242 ,Α
385 3157 448 3237 Ad
471 3158 624 3238 eandem
647 3156 904 3236 Gro'e‘niandiae
929 3161 1074 3259 plagam
1098 3155 1235 3254 Anglus
1271 3152 1422 3251 quidam
1454 3152 1583 3231 nobilis
1620 3159 1769 3237 nomine
1795 3163 1880 3241 Wi-

340 3259 558 3350 chesraliam
582 3261 734 3341 insulam
760 3264 857 3340 videt
885 3267 921 3341 dt
946 3259 1199 3434 mgnmgngm
1223 3253 1333 3330 facit·

723 3403 724 3407 κ
1060 3382 1074 3432 1
1115 3380 1128 3429 1
1162 3409 1172 3428 .

801 3457 895 3536 Fom
919 3457 1017 3534 Nisi.
1067 3457 1175 3534 Nova
1198 3455 1417 3535 Holsandia.

389 3564 498 3644 Petro
522 3560 637 3656 Pa'iz,
661 3559 721 3638 seu
744 3559 839 3639 Pa'e'z
861 3557 1003 3659 Jesuitae
1028 3559 1351 3637 LusrtanoGoiani
1376 3583 1527 3660 regnum
1553 3565 1699 3644 adeunti
1725 3568 1764 3645 in
1783 3569 1884 3649 Abis-

337 3666 496 3745 srnorum
522 3664 752 3768 Imperatoris
778 3666 973 3758 comitatu,
999 3662 1191 3740 innotescit
1213 3665 1369 3764 primurn
1397 3661 1480 3741 fons
1502 3666 1598 3744 Nisi.

391 3772 452 3848 Ad
476 3770 630 3846 eundem
654 3768 751 3844 hunc
779 3793 914 3844 annum
939 3765 1099 3843 refertur¹
1114 3768 1227 3844 Nova
1253 3766 1460 3843 Hollandiae
1485 3771 1584 3861 juxta
1620 3771 1786 3850 australes
1813 3793 1880 3851 ter·

338 3899 395 3953 ras
419 3872 534 3974 prima
559 3873 741 3972 cognitio.
767 3870 967 3950 Dubitatur
991 3895 1075 3949 vero
1101 3896 1150 3947 an
1184 3873 1337 3948 omnino
1363 3869 1563 3967 disiundm
1590 3900 1636 3951 an
1673 3895 1884 3975 perpetuum

339 4001 423 4053 cum
447 3977 554 4054 Nova
580 3972 778 4053 Hollandia
805 3975 955 4054 tractum
979 3972 1208 4052 conficiant:
1243 3974 1346 4075 quod.
1373 3974 1486 4051 etiam
1510 3977 1558 4054 de
1592 3980 1693 4054 terris
1725 3977 1841 4076 Janzii
1868 4035 1881 4076 ,

338 4077 536 4172 Tasmani,
561 4080 800 4171 Adamantim
824 4078 938 4155 Novar
962 4077 1178 4174 zelandia,
1212 4076 1487 4178 Carpentarirr‚
1523 4085 1558 4161 ὅ(
1583 4080 1695 4157 Nova
1731 4081 1883 4158 Guineae

340 4180 489 4255 dubium
513 4177 583 4255 est.
609 4178 663 4256 Ut
688 4198 729 4255 ut
741 4180 888 4255 tandem
911 4181 986 4255 hac
1013 4178 1105 4274 fint,
1129 4184 1245 4282 prima
1265 4206 1342 4282 quae
1367 4181 1407 4256 io
1432 4182 1538 4260 Nova
1565 4182 1765 4262 Hollandia
1787 4206 1886 4263 terra

340 4278 416 4359 visa
440 4278 511 4378 est,
536 4282 558 4358 a
582 4281 760 4358 Concordia
785 4304 921 4358 nornen
944 4281 1073 4359 habet.

1055 4392 1164 4482 1619.
1400 4439 1404 4449 ·

426 4536 429 4543 ι
751 4485 856 4563 Nova
880 4485 1026 4565 Dania.
1064 4487 1171 4566 Mare
1196 4486 1467 4565 Christianum.

343 4648 353 4657 -
390 4587 548 4689 Ioannes
572 4584 690 4671 Munk
714 4588 866 4684 Dauus,
890 4593 977 4668 dum
999 4592 1108 4682 toties
1133 4611 1313 4669 tentatum
1338 4592 1406 4668 iter
1431 4591 1477 4667 ad
1504 4590 1608 4668 Sinas
1629 4594 1721 4669 inter
1745 4596 1883 4692 septen·

341 4694 534 4770 trionalem
558 4716 602 4768 cx
637 4716 738 4792 aquo
762 4699 799 4774 dt
824 4697 1086 4774 occidentalem
1123 4698 1267 4796 plagam
1302 4694 1405 4794 supra
1442 4693 1633 4774 Canadam
1666 4697 1882 4799 experitur,

340 4795 541 4876 irdiituturn
567 4822 590 4874 a
613 4795 823 4875 Probirhero
849 4796 990 4879 cursum
1015 4796 1217 4899 prosecutus
1242 4797 1289 4875 ad
1312 4805 1377 4896 64.
1409 4799 1561 4898 gradum
1597 4793 1756 4874 ascendit
1779 4825 1790 4873 ε
1815 4825 1883 4877 nec

341 4903 436 4979 ultra
460 4901 586 4977 datum
611 4902 644 4976 ei
670 4901 832 5001 progredi
859 4904 881 4980 ri
905 4905 1006 5003 gelu.
1032 4900 1220 4980 Hiemavit
1247 4902 1285 4976 in
1309 4898 1421 4995 sinu,
1456 4905 1495 4979 in
1519 4922 1626 5002 quem
1657 4894 1794 4984 dunen
1821 4902 1885 4976 ¹in·

210 5093 215 5104 '
341 5001 421 5082 fluit
446 5004 544 5105 quod
564 5003 613 5080 de
637 5001 701 5082 suo
724 5004 872 5084 nomino
896 5025 1028 5103 νοσεῖς
1052 5005 1156 5087 'mare
1177 5000 1264 5083 verb
1289 5004 1538 5100 camaram,
1571 5007 1608 5088 d(
1644 5007 1787 5085 novam
1808 5008 1883 5088 oa÷

341 5106 436 5185 aiam
460 5109 643 5209 regionem
666 5109 874 5191 mveutam.
1185 5174 1189 5179 .
1304 5158 1308 5175 η.

1009 5245 1011 5249 ·
1705 5203 1836 5287 Edelfii
