<?xml version="1.0" encoding="UTF-8"?>
<!DOCTYPE html PUBLIC "-//W3C//DTD XHTML 1.0 Transitional//EN"
    "http://www.w3.org/TR/xhtml1/DTD/xhtml1-transitional.dtd">
<html xmlns="http://www.w3.org/1999/xhtml" xml:lang="en" lang="en">
 <head>
  <title>
</title>
<meta http-equiv="Content-Type" content="text/html;charset=utf-8" />
  <meta name='ocr-system' content='tesseract 3.04.00' />
  <meta name='ocr-capabilities' content='ocr_page ocr_carea ocr_par ocr_line ocrx_word'/>
</head>
<body>
  <div class='ocr_page' id='page_1' title='image "./fastinoviorbise00moregoog_0012.png"; bbox 0 0 3864 5686; ppageno 0'>
   <div class='ocr_carea' id='block_1_1' title="bbox 653 294 1687 403">
    <p class='ocr_par' dir='ltr' id='par_1_1' title="bbox 653 294 1687 403">
     <span class='ocr_line' id='line_1_1' title="bbox 653 294 1687 403; baseline 0.003 -16"><span class='ocrx_word' id='word_1_1' title='bbox 653 306 1275 392; x_wconf 64' lang='lat' dir='ltr'>ruozocua</span> <span class='ocrx_word' id='word_1_2' title='bbox 1607 294 1687 403; x_wconf 65' lang='lat' dir='ltr'>m</span> 
     </span>
    </p>
   </div>
   <div class='ocr_carea' id='block_1_2' title="bbox 188 444 1824 982">
    <p class='ocr_par' dir='ltr' id='par_1_2' title="bbox 188 444 1824 982">
     <span class='ocr_line' id='line_1_2' title="bbox 188 444 1740 563; baseline -0.019 -13"><span class='ocrx_word' id='word_1_3' title='bbox 188 487 236 549; x_wconf 81' lang='lat' dir='ltr'>nt</span> <span class='ocrx_word' id='word_1_4' title='bbox 255 458 448 554; x_wconf 70' lang='lat' dir='ltr'>fidentia,</span> <span class='ocrx_word' id='word_1_5' title='bbox 472 454 563 535; x_wconf 87' lang='lat' dir='ltr'>dum</span> <span class='ocrx_word' id='word_1_6' title='bbox 587 444 610 530; x_wconf 78' lang='grc' dir='ltr'><strong>ὲ</strong></span> <span class='ocrx_word' id='word_1_7' title='bbox 632 472 673 527; x_wconf 86' lang='lat' dir='ltr'>re</span> <span class='ocrx_word' id='word_1_8' title='bbox 695 448 774 547; x_wconf 80' lang='lat' dir='ltr'>fit,</span> <span class='ocrx_word' id='word_1_9' title='bbox 787 449 936 529; x_wconf 80' lang='lat' dir='ltr'>iteretur</span> <span class='ocrx_word' id='word_1_10' title='bbox 961 448 1207 555; x_wconf 82' lang='lat' dir='ltr'>snpplicatio,</span> <span class='ocrx_word' id='word_1_11' title='bbox 1237 478 1330 535; x_wconf 82' lang='lat' dir='ltr'>nrm</span> <span class='ocrx_word' id='word_1_12' title='bbox 1362 453 1504 539; x_wconf 75' lang='lat' dir='ltr'>lucillius</span> <span class='ocrx_word' id='word_1_13' title='bbox 1531 466 1740 563; x_wconf 57' lang='lat' dir='ltr'>expedietur</span> 
     </span>
     <span class='ocr_line' id='line_1_3' title="bbox 193 549 1737 665; baseline -0.012 -11"><span class='ocrx_word' id='word_1_14' title='bbox 193 568 382 661; x_wconf 69' lang='lat' dir='ltr'>facultatis</span> <span class='ocrx_word' id='word_1_15' title='bbox 407 557 601 661; x_wconf 78' lang='lat' dir='ltr'>aliquando</span> <span class='ocrx_word' id='word_1_16' title='bbox 623 550 726 630; x_wconf 65' lang='lat' dir='ltr'>fatte</span> <span class='ocrx_word' id='word_1_17' title='bbox 745 549 981 632; x_wconf 78' lang='lat' dir='ltr'>confirmatio</span> <span class='ocrx_word' id='word_1_18' title='bbox 1014 556 1074 634; x_wconf 74' lang='lat' dir='ltr'>vel</span> <span class='ocrx_word' id='word_1_19' title='bbox 1099 563 1344 657; x_wconf 71' lang='lat' dir='ltr'>prorogatio,</span> <span class='ocrx_word' id='word_1_20' title='bbox 1374 584 1488 661; x_wconf 81' lang='lat' dir='ltr'>quam</span> <span class='ocrx_word' id='word_1_21' title='bbox 1511 567 1629 665; x_wconf 79' lang='lat' dir='ltr'>prima</span> <span class='ocrx_word' id='word_1_22' title='bbox 1656 570 1737 649; x_wconf 68' lang='lat' dir='ltr'>sm</span> 
     </span>
     <span class='ocr_line' id='line_1_4' title="bbox 193 658 1737 772; baseline -0.006 -17"><span class='ocrx_word' id='word_1_23' title='bbox 193 674 369 772; x_wconf 80' lang='lat' dir='ltr'>exemplo</span> <span class='ocrx_word' id='word_1_24' title='bbox 388 662 591 748; x_wconf 80' lang='lat' dir='ltr'>oorrceffio;</span> <span class='ocrx_word' id='word_1_25' title='bbox 611 677 695 733; x_wconf 84' lang='lat' dir='ltr'>tum</span> <span class='ocrx_word' id='word_1_26' title='bbox 716 659 831 733; x_wconf 83' lang='lat' dir='ltr'>etiam</span> <span class='ocrx_word' id='word_1_27' title='bbox 851 678 897 735; x_wconf 76' lang='lat' dir='ltr'>ut</span> <span class='ocrx_word' id='word_1_28' title='bbox 917 658 1059 737; x_wconf 76' lang='lat' dir='ltr'>conibet</span> <span class='ocrx_word' id='word_1_29' title='bbox 1079 659 1254 762; x_wconf 80' lang='lat' dir='ltr'>expirasse</span> <span class='ocrx_word' id='word_1_30' title='bbox 1275 665 1376 757; x_wconf 88' lang='lat' dir='ltr'>jam,</span> <span class='ocrx_word' id='word_1_31' title='bbox 1396 688 1489 741; x_wconf 87' lang='lat' dir='ltr'>nam</span> <span class='ocrx_word' id='word_1_32' title='bbox 1506 672 1536 744; x_wconf 69' lang='lat' dir='ltr'>a</span> <span class='ocrx_word' id='word_1_33' title='bbox 1559 666 1737 767; x_wconf 81' lang='lat' dir='ltr'>scriptori-</span> 
     </span>
     <span class='ocr_line' id='line_1_5' title="bbox 191 760 1814 864; baseline -0.017 -6"><span class='ocrx_word' id='word_1_34' title='bbox 191 780 263 857; x_wconf 83' lang='lat' dir='ltr'>bus</span> <span class='ocrx_word' id='word_1_35' title='bbox 282 771 519 859; x_wconf 72' lang='lat' dir='ltr'>enumiautut</span> <span class='ocrx_word' id='word_1_36' title='bbox 537 760 737 861; x_wconf 64' lang='lat' dir='ltr'>elipando</span> <span class='ocrx_word' id='word_1_37' title='bbox 758 762 944 863; x_wconf 81' lang='lat' dir='ltr'>priuilegia</span> <span class='ocrx_word' id='word_1_38' title='bbox 965 760 1149 864; x_wconf 58' lang='lat' dir='ltr'>suppressa</span> <span class='ocrx_word' id='word_1_39' title='bbox 1172 766 1388 861; x_wconf 77' lang='lat' dir='ltr'>caducitatis</span> <span class='ocrx_word' id='word_1_40' title='bbox 1408 765 1527 863; x_wconf 71' lang='lat' dir='ltr'>noti,</span> <span class='ocrx_word' id='word_1_41' title='bbox 1557 791 1644 848; x_wconf 74' lang='lat' dir='ltr'>tum</span> <span class='ocrx_word' id='word_1_42' title='bbox 1670 774 1737 850; x_wconf 68' lang='lat' dir='ltr'>de.</span> <span class='ocrx_word' id='word_1_43' title='bbox 1799 806 1814 863; x_wconf 16' lang='lat' dir='ltr'>,n</span> 
     </span>
     <span class='ocr_line' id='line_1_6' title="bbox 196 864 1824 982; baseline -0.02 -16"><span class='ocrx_word' id='word_1_44' title='bbox 196 885 306 982; x_wconf 80' lang='lat' dir='ltr'>nique</span> <span class='ocrx_word' id='word_1_45' title='bbox 323 864 412 979; x_wconf 71' lang='lat' dir='ltr'>eperia</span> <span class='ocrx_word' id='word_1_46' title='bbox 431 864 519 968; x_wconf 66' lang='lat' dir='ltr'>saepi</span> <span class='ocrx_word' id='word_1_47' title='bbox 540 888 587 940; x_wconf 82' lang='lat' dir='ltr'>cx</span> <span class='ocrx_word' id='word_1_48' title='bbox 605 864 841 973; x_wconf 76' lang='lat' dir='ltr'>ordinatione</span> <span class='ocrx_word' id='word_1_49' title='bbox 864 888 931 965; x_wconf 89' lang='lat' dir='ltr'>pro</span> <span class='ocrx_word' id='word_1_50' title='bbox 952 868 1216 967; x_wconf 78' lang='lat' dir='ltr'>temporeiam</span> <span class='ocrx_word' id='word_1_51' title='bbox 1235 866 1360 968; x_wconf 82' lang='lat' dir='ltr'>elapso</span> <span class='ocrx_word' id='word_1_52' title='bbox 1381 866 1479 948; x_wconf 67' lang='lat' dir='ltr'>sadi</span> <span class='ocrx_word' id='word_1_53' title='bbox 1504 878 1656 972; x_wconf 82' lang='lat' dir='ltr'>emergit</span> <span class='ocrx_word' id='word_1_54' title='bbox 1678 877 1737 951; x_wconf 70' lang='lat' dir='ltr'>alf.</span> <span class='ocrx_word' id='word_1_55' title='bbox 1808 868 1824 905; x_wconf 60' lang='lat'>‘³‘</span> 
     </span>
    </p>
   </div>
   <div class='ocr_carea' id='block_1_3' title="bbox 192 968 1743 4436">
    <p class='ocr_par' dir='ltr' id='par_1_3' title="bbox 192 968 1740 2913">
     <span class='ocr_line' id='line_1_7' title="bbox 196 968 1737 1085; baseline 0.002 -37"><span class='ocrx_word' id='word_1_56' title='bbox 196 986 286 1085; x_wconf 72' lang='lat' dir='ltr'>quid</span> <span class='ocrx_word' id='word_1_57' title='bbox 310 971 550 1082; x_wconf 69' lang='lat' dir='ltr'>peneadem,</span> <span class='ocrx_word' id='word_1_58' title='bbox 570 968 666 1045; x_wconf 77' lang='lat' dir='ltr'>dum</span> <span class='ocrx_word' id='word_1_59' title='bbox 692 988 921 1068; x_wconf 87' lang='lat' dir='ltr'>prorogetur,</span> <span class='ocrx_word' id='word_1_60' title='bbox 945 974 1001 1046; x_wconf 84' lang='lat' dir='ltr'>vel</span> <span class='ocrx_word' id='word_1_61' title='bbox 1051 996 1092 1046; x_wconf 89' lang='lat' dir='ltr'>ro</span> <span class='ocrx_word' id='word_1_62' title='bbox 1113 973 1195 1049; x_wconf 79' lang='lat' dir='ltr'>aliis</span> <span class='ocrx_word' id='word_1_63' title='bbox 1218 971 1372 1063; x_wconf 82' lang='lat' dir='ltr'>ejusdem</span> <span class='ocrx_word' id='word_1_64' title='bbox 1392 977 1536 1073; x_wconf 81' lang='lat' dir='ltr'>generis</span> <span class='ocrx_word' id='word_1_65' title='bbox 1555 978 1737 1051; x_wconf 77' lang='lat' dir='ltr'>adnotan-</span> 
     </span>
     <span class='ocr_line' id='line_1_8' title="bbox 194 998 1734 1173; baseline 0.001 -23"><span class='ocrx_word' id='word_1_66' title='bbox 194 1091 305 1169; x_wconf 67' lang='lat' dir='ltr'>dum,</span> <span class='ocrx_word' id='word_1_67' title='bbox 325 1068 714 1151; x_wconf 60' lang='lat' dir='ltr'>Ordinationes-isa&amp;</span> <span class='ocrx_word' id='word_1_68' title='bbox 738 1071 995 1173; x_wconf 81' lang='lat' dir='ltr'>ptoSoc&#39;ietate</span> <span class='ocrx_word' id='word_1_69' title='bbox 1020 998 1122 1170; x_wconf 54' lang='lat' dir='ltr'>iesu,</span> <span class='ocrx_word' id='word_1_70' title='bbox 1148 1078 1204 1151; x_wconf 83' lang='lat' dir='ltr'>vel</span> <span class='ocrx_word' id='word_1_71' title='bbox 1225 1078 1300 1165; x_wconf 80' lang='lat' dir='ltr'>ejus</span> <span class='ocrx_word' id='word_1_72' title='bbox 1325 1078 1481 1153; x_wconf 87' lang='lat' dir='ltr'>alumnis</span> <span class='ocrx_word' id='word_1_73' title='bbox 1498 1081 1659 1173; x_wconf 81' lang='lat' dir='ltr'>quamuis</span> <span class='ocrx_word' id='word_1_74' title='bbox 1686 1080 1734 1152; x_wconf 91' lang='lat' dir='ltr'>in-</span> 
     </span>
     <span class='ocr_line' id='line_1_9' title="bbox 192 1172 1736 1281; baseline 0.001 -29"><span class='ocrx_word' id='word_1_75' title='bbox 192 1186 349 1268; x_wconf 66' lang='lat' dir='ltr'>definitae</span> <span class='ocrx_word' id='word_1_76' title='bbox 367 1174 608 1252; x_wconf 80' lang='lat' dir='ltr'>concessionis</span> <span class='ocrx_word' id='word_1_77' title='bbox 630 1172 726 1268; x_wconf 77' lang='lat' dir='ltr'>sint,</span> <span class='ocrx_word' id='word_1_78' title='bbox 753 1172 926 1273; x_wconf 85' lang='lat' dir='ltr'>suppresso</span> <span class='ocrx_word' id='word_1_79' title='bbox 949 1177 1075 1251; x_wconf 86' lang='lat' dir='ltr'>ordine</span> <span class='ocrx_word' id='word_1_80' title='bbox 1101 1175 1201 1273; x_wconf 73' lang='lat' dir='ltr'>fatte</span> <span class='ocrx_word' id='word_1_81' title='bbox 1226 1179 1308 1253; x_wconf 89' lang='lat' dir='ltr'>sunt</span> <span class='ocrx_word' id='word_1_82' title='bbox 1335 1180 1447 1277; x_wconf 89' lang='lat' dir='ltr'>reipsa</span> <span class='ocrx_word' id='word_1_83' title='bbox 1484 1182 1736 1281; x_wconf 76' lang='lat' dir='ltr'>temporaria,</span> 
     </span>
     <span class='ocr_line' id='line_1_10' title="bbox 197 1270 1737 1383; baseline 0.004 -32"><span class='ocrx_word' id='word_1_84' title='bbox 197 1282 322 1373; x_wconf 54' lang='lat' dir='ltr'>ff,</span> <span class='ocrx_word' id='word_1_85' title='bbox 341 1278 535 1359; x_wconf 70' lang='lat' dir='ltr'>&amp;inance</span> <span class='ocrx_word' id='word_1_86' title='bbox 553 1276 698 1375; x_wconf 76' lang='lat' dir='ltr'>prorsus</span> <span class='ocrx_word' id='word_1_87' title='bbox 722 1279 842 1375; x_wconf 77' lang='lat' dir='ltr'>quoad</span> <span class='ocrx_word' id='word_1_88' title='bbox 864 1270 992 1369; x_wconf 65' lang='lat' dir='ltr'>usum,</span> <span class='ocrx_word' id='word_1_89' title='bbox 1015 1284 1345 1355; x_wconf 68' lang='lat' dir='ltr'>commemoranda</span> <span class='ocrx_word' id='word_1_90' title='bbox 1370 1304 1495 1363; x_wconf 86' lang='lat' dir='ltr'>tamen</span> <span class='ocrx_word' id='word_1_91' title='bbox 1521 1304 1561 1357; x_wconf 91' lang='lat' dir='ltr'>ut</span> <span class='ocrx_word' id='word_1_92' title='bbox 1590 1285 1737 1383; x_wconf 70' lang='lat' dir='ltr'>&#39;reliquo</span> 
     </span>
     <span class='ocr_line' id='line_1_11' title="bbox 200 1380 1736 1483; baseline 0.003 -29"><span class='ocrx_word' id='word_1_93' title='bbox 200 1381 438 1483; x_wconf 66' lang='lat' dir='ltr'>umpoeale&#39;a,</span> <span class='ocrx_word' id='word_1_94' title='bbox 457 1381 501 1455; x_wconf 89' lang='lat' dir='ltr'>in</span> <span class='ocrx_word' id='word_1_95' title='bbox 519 1381 749 1478; x_wconf 82' lang='lat' dir='ltr'>exemplum,</span> <span class='ocrx_word' id='word_1_96' title='bbox 774 1380 1118 1479; x_wconf 80' lang='lat' dir='ltr'>-inercplicatiouem</span> <span class='ocrx_word' id='word_1_97' title='bbox 1146 1383 1297 1457; x_wconf 82' lang='lat' dir='ltr'>aliarmn</span> <span class='ocrx_word' id='word_1_98' title='bbox 1311 1439 1321 1473; x_wconf 94' lang='lat'>,</span> <span class='ocrx_word' id='word_1_99' title='bbox 1334 1386 1383 1469; x_wconf 70' lang='lat' dir='ltr'>f&amp;</span> <span class='ocrx_word' id='word_1_100' title='bbox 1404 1384 1447 1459; x_wconf 86' lang='lat' dir='ltr'>&#39;in</span> <span class='ocrx_word' id='word_1_101' title='bbox 1466 1385 1736 1463; x_wconf 73' lang='lat' dir='ltr'>eruditionem:</span> 
     </span>
     <span class='ocr_line' id='line_1_12' title="bbox 195 1480 1737 1591; baseline -0.001 -28"><span class='ocrx_word' id='word_1_102' title='bbox 195 1486 310 1586; x_wconf 81' lang='lat' dir='ltr'>quue</span> <span class='ocrx_word' id='word_1_103' title='bbox 330 1486 387 1563; x_wconf 74' lang='lat' dir='ltr'>in·</span> <span class='ocrx_word' id='word_1_104' title='bbox 400 1480 601 1561; x_wconf 86' lang='lat' dir='ltr'>uuiversum</span> <span class='ocrx_word' id='word_1_105' title='bbox 621 1481 732 1559; x_wconf 83' lang='lat' dir='ltr'>semel</span> <span class='ocrx_word' id='word_1_106' title='bbox 753 1482 993 1559; x_wconf 82' lang='lat' dir='ltr'>admonitum·</span> <span class='ocrx_word' id='word_1_107' title='bbox 1018 1484 1223 1591; x_wconf 78' lang='lat' dir='ltr'>iterumque¹</span> <span class='ocrx_word' id='word_1_108' title='bbox 1253 1486 1422 1569; x_wconf 67' lang='lat' dir='ltr'>letiorem</span> <span class='ocrx_word' id='word_1_109' title='bbox 1452 1490 1564 1577; x_wconf 81' lang='lat' dir='ltr'>volo,</span> <span class='ocrx_word' id='word_1_110' title='bbox 1596 1489 1737 1563; x_wconf 79' lang='lat' dir='ltr'>nullam</span> 
     </span>
     <span class='ocr_line' id='line_1_13' title="bbox 195 1582 1738 1683; baseline -0.005 -14"><span class='ocrx_word' id='word_1_111' title='bbox 195 1588 468 1669; x_wconf 77' lang='lat' dir='ltr'>ordinationem</span> <span class='ocrx_word' id='word_1_112' title='bbox 490 1584 564 1661; x_wconf 80' lang='lat' dir='ltr'>uve</span> <span class='ocrx_word' id='word_1_113' title='bbox 583 1582 841 1677; x_wconf 73' lang='lat' dir='ltr'>favorabilem,</span> <span class='ocrx_word' id='word_1_114' title='bbox 869 1587 939 1662; x_wconf 87' lang='lat' dir='ltr'>srve</span> <span class='ocrx_word' id='word_1_115' title='bbox 962 1585 1152 1663; x_wconf 78' lang='lat' dir='ltr'>onerosam</span> <span class='ocrx_word' id='word_1_116' title='bbox 1171 1584 1247 1677; x_wconf 83' lang='lat' dir='ltr'>boe</span> <span class='ocrx_word' id='word_1_117' title='bbox 1281 1608 1391 1683; x_wconf 88' lang='lat' dir='ltr'>opere</span> <span class='ocrx_word' id='word_1_118' title='bbox 1420 1592 1700 1663; x_wconf 85' lang='lat' dir='ltr'>commemorari</span> <span class='ocrx_word' id='word_1_119' title='bbox 1725 1645 1738 1683; x_wconf 87' lang='lat'>,</span> 
     </span>
     <span class='ocr_line' id='line_1_14' title="bbox 195 1687 1736 1789; baseline -0.003 -20"><span class='ocrx_word' id='word_1_120' title='bbox 195 1712 242 1771; x_wconf 89' lang='lat' dir='ltr'>ut</span> <span class='ocrx_word' id='word_1_121' title='bbox 266 1693 305 1767; x_wconf 89' lang='lat' dir='ltr'>in</span> <span class='ocrx_word' id='word_1_122' title='bbox 322 1689 434 1769; x_wconf 83' lang='lat' dir='ltr'>usum</span> <span class='ocrx_word' id='word_1_123' title='bbox 457 1688 805 1781; x_wconf 69' lang='lat' dir='ltr'>caeci‘adhibeatut3</span> <span class='ocrx_word' id='word_1_124' title='bbox 830 1687 889 1764; x_wconf 88' lang='lat' dir='ltr'>sed</span> <span class='ocrx_word' id='word_1_125' title='bbox 915 1690 954 1763; x_wconf 93' lang='lat' dir='ltr'>in</span> <span class='ocrx_word' id='word_1_126' title='bbox 979 1692 1151 1764; x_wconf 84' lang='lat' dir='ltr'>notitiam</span> <span class='ocrx_word' id='word_1_127' title='bbox 1177 1689 1402 1765; x_wconf 83' lang='lat' dir='ltr'>adducuntur</span> <span class='ocrx_word' id='word_1_128' title='bbox 1430 1714 1581 1789; x_wconf 76' lang='lat' dir='ltr'>omnec,</span> <span class='ocrx_word' id='word_1_129' title='bbox 1606 1691 1673 1764; x_wconf 59' lang='lat' dir='ltr'>*vel</span> <span class='ocrx_word' id='word_1_130' title='bbox 1695 1690 1736 1765; x_wconf 83' lang='lat' dir='ltr'>id</span> 
     </span>
     <span class='ocr_line' id='line_1_15' title="bbox 195 1788 1736 1973; baseline -0.001 -102"><span class='ocrx_word' id='word_1_131' title='bbox 195 1796 417 1973; x_wconf 51' lang='grc' dir='ltr'>ΐοηοσῑιῡῗ</span> <span class='ocrx_word' id='word_1_132' title='bbox 434 1792 656 1872; x_wconf 82' lang='lat' dir='ltr'>reducuntur</span> <span class='ocrx_word' id='word_1_133' title='bbox 664 1846 681 1885; x_wconf 88' lang='lat'>,</span> <span class='ocrx_word' id='word_1_134' title='bbox 705 1792 753 1868; x_wconf 84' lang='lat' dir='ltr'>ad</span> <span class='ocrx_word' id='word_1_135' title='bbox 770 1792 978 1869; x_wconf 79' lang='lat' dir='ltr'>acuendum</span> <span class='ocrx_word' id='word_1_136' title='bbox 996 1793 1154 1871; x_wconf 83' lang='lat' dir='ltr'>siudium</span> <span class='ocrx_word' id='word_1_137' title='bbox 1173 1812 1221 1870; x_wconf 74' lang='lat' dir='ltr'>:ut</span> <span class='ocrx_word' id='word_1_138' title='bbox 1244 1789 1381 1869; x_wconf 86' lang='lat' dir='ltr'>constet</span> <span class='ocrx_word' id='word_1_139' title='bbox 1397 1816 1494 1895; x_wconf 46' lang='lat' dir='ltr'>,num</span> <span class='ocrx_word' id='word_1_140' title='bbox 1528 1793 1564 1868; x_wconf 82' lang='lat' dir='ltr'>ui</span> <span class='ocrx_word' id='word_1_141' title='bbox 1589 1788 1651 1869; x_wconf 87' lang='lat' dir='ltr'>sua</span> <span class='ocrx_word' id='word_1_142' title='bbox 1677 1792 1736 1871; x_wconf 78' lang='lat' dir='ltr'>de·¹</span> 
     </span>
     <span class='ocr_line' id='line_1_16' title="bbox 236 1913 1737 1976; baseline -0.005 -2"><span class='ocrx_word' id='word_1_143' title='bbox 236 1917 336 1976; x_wconf 83' lang='lat' dir='ltr'>ttutae</span> <span class='ocrx_word' id='word_1_144' title='bbox 417 1913 454 1969; x_wconf 78' lang='lat' dir='ltr'>t.</span> <span class='ocrx_word' id='word_1_145' title='bbox 1472 1922 1475 1929; x_wconf 95' lang='lat'>·</span> <span class='ocrx_word' id='word_1_146' title='bbox 1615 1920 1618 1925; x_wconf 92' lang='lat'>·</span> <span class='ocrx_word' id='word_1_147' title='bbox 1732 1916 1737 1924; x_wconf 93' lang='lat'>·</span> 
     </span>
     <span class='ocr_line' id='line_1_17' title="bbox 306 1993 1735 2097; baseline -0.001 -24"><span class='ocrx_word' id='word_1_148' title='bbox 306 1999 539 2096; x_wconf 76' lang='lat' dir='ltr'>accipiuntur</span> <span class='ocrx_word' id='word_1_149' title='bbox 559 1996 676 2074; x_wconf 81' lang='lat' dir='ltr'>Indiae</span> <span class='ocrx_word' id='word_1_150' title='bbox 699 1997 891 2075; x_wconf 82' lang='lat' dir='ltr'>seuNovus</span> <span class='ocrx_word' id='word_1_151' title='bbox 903 1998 1008 2074; x_wconf 84' lang='lat' dir='ltr'>Orbis</span> <span class='ocrx_word' id='word_1_152' title='bbox 1031 1996 1201 2075; x_wconf 70' lang='lat' dir='ltr'>latissimi</span> <span class='ocrx_word' id='word_1_153' title='bbox 1223 2025 1287 2097; x_wconf 90' lang='lat' dir='ltr'>pro</span> <span class='ocrx_word' id='word_1_154' title='bbox 1313 1998 1513 2096; x_wconf 89' lang='lat' dir='ltr'>regionibus</span> <span class='ocrx_word' id='word_1_155' title='bbox 1535 1995 1615 2095; x_wconf 87' lang='lat' dir='ltr'>post</span> <span class='ocrx_word' id='word_1_156' title='bbox 1626 1993 1735 2073; x_wconf 87' lang='lat' dir='ltr'>Mau·</span> 
     </span>
     <span class='ocr_line' id='line_1_18' title="bbox 199 2099 1736 2205; baseline -0.001 -29"><span class='ocrx_word' id='word_1_157' title='bbox 199 2103 376 2177; x_wconf 83' lang='lat' dir='ltr'>ritauiam</span> <span class='ocrx_word' id='word_1_158' title='bbox 400 2101 621 2198; x_wconf 84' lang='lat' dir='ltr'>vergentibus</span> <span class='ocrx_word' id='word_1_159' title='bbox 649 2101 693 2175; x_wconf 85' lang='lat' dir='ltr'>ad</span> <span class='ocrx_word' id='word_1_160' title='bbox 722 2101 899 2199; x_wconf 83' lang='lat' dir='ltr'>austrum,</span> <span class='ocrx_word' id='word_1_161' title='bbox 928 2104 1128 2194; x_wconf 85' lang='lat' dir='ltr'>orientem,</span> <span class='ocrx_word' id='word_1_162' title='bbox 1163 2101 1457 2205; x_wconf 70' lang='lat' dir='ltr'>occidentemque</span> <span class='ocrx_word' id='word_1_163' title='bbox 1493 2102 1592 2190; x_wconf 86' lang='lat' dir='ltr'>juxta</span> <span class='ocrx_word' id='word_1_164' title='bbox 1617 2099 1736 2175; x_wconf 81' lang='lat' dir='ltr'>decla-</span> 
     </span>
     <span class='ocr_line' id='line_1_19' title="bbox 200 2192 1740 2303; baseline 0 -27"><span class='ocrx_word' id='word_1_165' title='bbox 200 2206 386 2279; x_wconf 73' lang='lat' dir='ltr'>rationem</span> <span class='ocrx_word' id='word_1_166' title='bbox 399 2200 574 2301; x_wconf 73' lang='lat' dir='ltr'>Gregorii</span> <span class='ocrx_word' id='word_1_167' title='bbox 590 2201 776 2279; x_wconf 58' lang='lat' dir='ltr'>§llll-m</span> <span class='ocrx_word' id='word_1_168' title='bbox 798 2202 957 2302; x_wconf 77' lang='lat' dir='ltr'>questro</span> <span class='ocrx_word' id='word_1_169' title='bbox 981 2204 1284 2296; x_wconf 53' lang='lat' dir='ltr'>iocosum&amp;</span> <span class='ocrx_word' id='word_1_170' title='bbox 1316 2202 1513 2303; x_wconf 73' lang='lat' dir='ltr'>Nigiiriirit&#39;</span> <span class='ocrx_word' id='word_1_171' title='bbox 1544 2192 1740 2289; x_wconf 60' lang='lat' dir='ltr'>sudia&#39;rsu&#39;ffi&#39;</span> 
     </span>
     <span class='ocr_line' id='line_1_20' title="bbox 201 2296 1737 2405; baseline -0.001 -27"><span class='ocrx_word' id='word_1_172' title='bbox 201 2308 352 2381; x_wconf 87' lang='lat' dir='ltr'>nomine</span> <span class='ocrx_word' id='word_1_173' title='bbox 371 2304 555 2404; x_wconf 83' lang='lat' dir='ltr'>appellare</span> <span class='ocrx_word' id='word_1_174' title='bbox 579 2301 739 2381; x_wconf 81' lang='lat' dir='ltr'>solemne</span> <span class='ocrx_word' id='word_1_175' title='bbox 764 2303 839 2398; x_wconf 87' lang='lat' dir='ltr'>est,</span> <span class='ocrx_word' id='word_1_176' title='bbox 867 2308 1088 2405; x_wconf 80' lang='lat' dir='ltr'>appellatque</span> <span class='ocrx_word' id='word_1_177' title='bbox 1111 2302 1166 2381; x_wconf 90' lang='lat' dir='ltr'>D.</span> <span class='ocrx_word' id='word_1_178' title='bbox 1189 2306 1366 2380; x_wconf 84' lang='lat' dir='ltr'>Antonius</span> <span class='ocrx_word' id='word_1_179' title='bbox 1388 2302 1539 2380; x_wconf 80' lang='lat' dir='ltr'>Herrer&#39;a</span> <span class='ocrx_word' id='word_1_180' title='bbox 1566 2296 1660 2393; x_wconf 62' lang='lat' dir='ltr'>(15)ss</span> <span class='ocrx_word' id='word_1_181' title='bbox 1687 2298 1737 2378; x_wconf 86' lang='lat' dir='ltr'>Et</span> 
     </span>
     <span class='ocr_line' id='line_1_21' title="bbox 207 2402 1734 2507; baseline -0.003 -27"><span class='ocrx_word' id='word_1_182' title='bbox 207 2407 393 2507; x_wconf 76' lang='lat' dir='ltr'>Azanaghi</span> <span class='ocrx_word' id='word_1_183' title='bbox 417 2405 520 2499; x_wconf 81' lang='lat' dir='ltr'>(b),</span> <span class='ocrx_word' id='word_1_184' title='bbox 540 2408 607 2506; x_wconf 91' lang='lat' dir='ltr'>-·qui</span> <span class='ocrx_word' id='word_1_185' title='bbox 621 2408 808 2482; x_wconf 88' lang='lat' dir='ltr'>occiduam</span> <span class='ocrx_word' id='word_1_186' title='bbox 819 2406 949 2483; x_wconf 82' lang='lat' dir='ltr'>Africae</span> <span class='ocrx_word' id='word_1_187' title='bbox 973 2435 1075 2482; x_wconf 88' lang='lat' dir='ltr'>oram</span> <span class='ocrx_word' id='word_1_188' title='bbox 1088 2409 1247 2482; x_wconf 89' lang='lat' dir='ltr'>incolunt</span> <span class='ocrx_word' id='word_1_189' title='bbox 1270 2403 1333 2481; x_wconf 90' lang='lat' dir='ltr'>sub</span> <span class='ocrx_word' id='word_1_190' title='bbox 1358 2407 1492 2481; x_wconf 91' lang='lat' dir='ltr'>boreali</span> <span class='ocrx_word' id='word_1_191' title='bbox 1510 2406 1656 2502; x_wconf 89' lang='lat' dir='ltr'>tropico</span> <span class='ocrx_word' id='word_1_192' title='bbox 1672 2402 1734 2477; x_wconf 91' lang='lat' dir='ltr'>In·</span> 
     </span>
     <span class='ocr_line' id='line_1_22' title="bbox 195 2507 1734 2608; baseline -0.001 -26"><span class='ocrx_word' id='word_1_193' title='bbox 195 2508 334 2585; x_wconf 82' lang='lat' dir='ltr'>dorum</span> <span class='ocrx_word' id='word_1_194' title='bbox 354 2509 505 2585; x_wconf 86' lang='lat' dir='ltr'>nomine</span> <span class='ocrx_word' id='word_1_195' title='bbox 530 2511 774 2608; x_wconf 85' lang='lat' dir='ltr'>appellantur,</span> <span class='ocrx_word' id='word_1_196' title='bbox 801 2534 914 2606; x_wconf 89' lang='lat' dir='ltr'>neque</span> <span class='ocrx_word' id='word_1_197' title='bbox 941 2510 1014 2583; x_wconf 88' lang='lat' dir='ltr'>alio</span> <span class='ocrx_word' id='word_1_198' title='bbox 1041 2510 1206 2605; x_wconf 83' lang='lat' dir='ltr'>appellati</span> <span class='ocrx_word' id='word_1_199' title='bbox 1232 2507 1314 2583; x_wconf 84' lang='lat' dir='ltr'>suut</span> <span class='ocrx_word' id='word_1_200' title='bbox 1352 2529 1435 2583; x_wconf 86' lang='lat' dir='ltr'>ante</span> <span class='ocrx_word' id='word_1_201' title='bbox 1464 2507 1734 2605; x_wconf 85' lang='lat' dir='ltr'>navigationem</span> 
     </span>
     <span class='ocr_line' id='line_1_23' title="bbox 201 2606 1736 2707; baseline -0.002 -24"><span class='ocrx_word' id='word_1_202' title='bbox 201 2607 313 2685; x_wconf 78' lang='lat' dir='ltr'>Vasti</span> <span class='ocrx_word' id='word_1_203' title='bbox 338 2611 383 2686; x_wconf 88' lang='lat' dir='ltr'>de</span> <span class='ocrx_word' id='word_1_204' title='bbox 407 2610 554 2686; x_wconf 75' lang='lat' dir='ltr'>Gema.</span> <span class='ocrx_word' id='word_1_205' title='bbox 575 2608 687 2687; x_wconf 88' lang='lat' dir='ltr'>Unde</span> <span class='ocrx_word' id='word_1_206' title='bbox 711 2608 1002 2688; x_wconf 75' lang='lat' dir='ltr'>&#39;dc&#39;Colledionis</span> <span class='ocrx_word' id='word_1_207' title='bbox 1027 2613 1169 2684; x_wconf 87' lang='lat' dir='ltr'>initium</span> <span class='ocrx_word' id='word_1_208' title='bbox 1196 2609 1346 2685; x_wconf 91' lang='lat' dir='ltr'>sumitur</span> <span class='ocrx_word' id='word_1_209' title='bbox 1372 2612 1393 2682; x_wconf 72' lang='lat' dir='ltr'>ri</span> <span class='ocrx_word' id='word_1_210' title='bbox 1421 2628 1576 2707; x_wconf 86' lang='lat' dir='ltr'>tempore</span> <span class='ocrx_word' id='word_1_211' title='bbox 1607 2606 1736 2681; x_wconf 83' lang='lat' dir='ltr'>Marti-</span> 
     </span>
     <span class='ocr_line' id='line_1_24' title="bbox 192 2706 1736 2810; baseline -0.001 -26"><span class='ocrx_word' id='word_1_212' title='bbox 192 2711 245 2785; x_wconf 87' lang='lat' dir='ltr'>ni</span> <span class='ocrx_word' id='word_1_213' title='bbox 272 2712 341 2803; x_wconf 86' lang='lat' dir='ltr'>V.,</span> <span class='ocrx_word' id='word_1_214' title='bbox 361 2736 436 2810; x_wconf 74' lang='lat' dir='ltr'>quo</span> <span class='ocrx_word' id='word_1_215' title='bbox 455 2712 619 2789; x_wconf 69' lang='lat' dir='ltr'>maxime</span> <span class='ocrx_word' id='word_1_216' title='bbox 648 2710 721 2809; x_wconf 86' lang='lat' dir='ltr'>post</span> <span class='ocrx_word' id='word_1_217' title='bbox 755 2708 867 2786; x_wconf 89' lang='lat' dir='ltr'>saeculi</span> <span class='ocrx_word' id='word_1_218' title='bbox 892 2712 972 2787; x_wconf 85' lang='lat' dir='ltr'>XV.</span> <span class='ocrx_word' id='word_1_219' title='bbox 1012 2712 1287 2788; x_wconf 82' lang='lat' dir='ltr'>adolescentium</span> <span class='ocrx_word' id='word_1_220' title='bbox 1324 2713 1367 2785; x_wconf 91' lang='lat' dir='ltr'>de</span> <span class='ocrx_word' id='word_1_221' title='bbox 1391 2710 1570 2786; x_wconf 83' lang='lat' dir='ltr'>lustranda</span> <span class='ocrx_word' id='word_1_222' title='bbox 1604 2706 1736 2783; x_wconf 70' lang='lat' dir='ltr'>Africa</span> 
     </span>
     <span class='ocr_line' id='line_1_25' title="bbox 195 2813 854 2913; baseline -0.005 -25"><span class='ocrx_word' id='word_1_223' title='bbox 195 2813 436 2889; x_wconf 87' lang='lat' dir='ltr'>occidentalis</span> <span class='ocrx_word' id='word_1_224' title='bbox 464 2841 528 2891; x_wconf 90' lang='lat' dir='ltr'>ora</span> <span class='ocrx_word' id='word_1_225' title='bbox 554 2816 705 2913; x_wconf 84' lang='lat' dir='ltr'>cogitari</span> <span class='ocrx_word' id='word_1_226' title='bbox 731 2816 854 2909; x_wconf 81' lang='lat' dir='ltr'>caepit.</span> 
     </span>
    </p>

    <p class='ocr_par' dir='ltr' id='par_1_4' title="bbox 199 2912 1743 4436">
     <span class='ocr_line' id='line_1_26' title="bbox 311 2912 1738 3015; baseline -0.005 -23"><span class='ocrx_word' id='word_1_227' title='bbox 311 2912 468 2993; x_wconf 89' lang='lat' dir='ltr'>Utinam</span> <span class='ocrx_word' id='word_1_228' title='bbox 487 2914 577 2991; x_wconf 78' lang='lat' dir='ltr'>esset</span> <span class='ocrx_word' id='word_1_229' title='bbox 601 2917 661 3015; x_wconf 89' lang='lat' dir='ltr'>qui</span> <span class='ocrx_word' id='word_1_230' title='bbox 686 2936 923 2991; x_wconf 86' lang='lat' dir='ltr'>monumenta</span> <span class='ocrx_word' id='word_1_231' title='bbox 959 2917 1003 2989; x_wconf 89' lang='lat' dir='ltr'>de</span> <span class='ocrx_word' id='word_1_232' title='bbox 1028 2941 1067 2990; x_wconf 91' lang='lat' dir='ltr'>re</span> <span class='ocrx_word' id='word_1_233' title='bbox 1087 2913 1276 2991; x_wconf 86' lang='lat' dir='ltr'>Indiarum</span> <span class='ocrx_word' id='word_1_234' title='bbox 1304 2914 1543 2992; x_wconf 77' lang='lat' dir='ltr'>ecclesiastica</span> <span class='ocrx_word' id='word_1_235' title='bbox 1581 2913 1656 3011; x_wconf 90' lang='lat' dir='ltr'>pari</span> <span class='ocrx_word' id='word_1_236' title='bbox 1685 2930 1738 2986; x_wconf 83' lang='lat' dir='ltr'>at·</span> 
     </span>
     <span class='ocr_line' id='line_1_27' title="bbox 199 3015 1739 3115; baseline -0.001 -26"><span class='ocrx_word' id='word_1_237' title='bbox 199 3039 269 3114; x_wconf 88' lang='lat' dir='ltr'>que</span> <span class='ocrx_word' id='word_1_238' title='bbox 296 3015 393 3093; x_wconf 89' lang='lat' dir='ltr'>Novi</span> <span class='ocrx_word' id='word_1_239' title='bbox 418 3017 526 3093; x_wconf 88' lang='lat' dir='ltr'>Orbis</span> <span class='ocrx_word' id='word_1_240' title='bbox 545 3018 671 3115; x_wconf 68' lang='lat' dir='ltr'>:plagas</span> <span class='ocrx_word' id='word_1_241' title='bbox 696 3023 731 3095; x_wconf 73' lang='grc' dir='ltr'>ὃ(</span> <span class='ocrx_word' id='word_1_242' title='bbox 756 3042 840 3115; x_wconf 87' lang='lat' dir='ltr'>opes</span> <span class='ocrx_word' id='word_1_243' title='bbox 865 3019 1048 3115; x_wconf 84' lang='lat' dir='ltr'>diligentia</span> <span class='ocrx_word' id='word_1_244' title='bbox 1074 3021 1329 3114; x_wconf 88' lang='lat' dir='ltr'>conquireret,</span> <span class='ocrx_word' id='word_1_245' title='bbox 1353 3019 1597 3113; x_wconf 85' lang='lat' dir='ltr'>elucidataque</span> <span class='ocrx_word' id='word_1_246' title='bbox 1631 3038 1739 3088; x_wconf 88' lang='lat' dir='ltr'>nova·</span> 
     </span>
     <span class='ocr_line' id='line_1_28' title="bbox 205 3106 1736 3218; baseline -0.002 -28"><span class='ocrx_word' id='word_1_247' title='bbox 205 3119 246 3191; x_wconf 86' lang='lat' dir='ltr'>lis</span> <span class='ocrx_word' id='word_1_248' title='bbox 272 3118 371 3193; x_wconf 84' lang='lat' dir='ltr'>illius</span> <span class='ocrx_word' id='word_1_249' title='bbox 390 3122 580 3194; x_wconf 85' lang='lat' dir='ltr'>cultorum</span> <span class='ocrx_word' id='word_1_250' title='bbox 600 3116 717 3193; x_wconf 75' lang='lat' dir='ltr'>usrbus</span> <span class='ocrx_word' id='word_1_251' title='bbox 736 3122 941 3217; x_wconf 84' lang='lat' dir='ltr'>adaptaret.</span> <span class='ocrx_word' id='word_1_252' title='bbox 968 3106 1244 3195; x_wconf 69' lang='lat' dir='ltr'>Eximiuneffet</span> <span class='ocrx_word' id='word_1_253' title='bbox 1270 3144 1385 3215; x_wconf 80' lang='lat' dir='ltr'>operte</span> <span class='ocrx_word' id='word_1_254' title='bbox 1405 3121 1585 3218; x_wconf 83' lang='lat' dir='ltr'>pretium,</span> <span class='ocrx_word' id='word_1_255' title='bbox 1613 3113 1736 3189; x_wconf 90' lang='lat' dir='ltr'>ficon-</span> 
     </span>
     <span class='ocr_line' id='line_1_29' title="bbox 204 3216 1737 3319; baseline -0.001 -28"><span class='ocrx_word' id='word_1_256' title='bbox 204 3220 377 3293; x_wconf 88' lang='lat' dir='ltr'>ciliorum</span> <span class='ocrx_word' id='word_1_257' title='bbox 399 3238 482 3293; x_wconf 82' lang='lat' dir='ltr'>tam</span> <span class='ocrx_word' id='word_1_258' title='bbox 507 3218 775 3315; x_wconf 82' lang='lat' dir='ltr'>provincialium</span> <span class='ocrx_word' id='word_1_259' title='bbox 793 3246 909 3319; x_wconf 76' lang='lat' dir='ltr'>-quam</span> <span class='ocrx_word' id='word_1_260' title='bbox 930 3218 1215 3296; x_wconf 75' lang='lat' dir='ltr'>dioecesanorum</span> <span class='ocrx_word' id='word_1_261' title='bbox 1242 3220 1420 3295; x_wconf 80' lang='lat' dir='ltr'>Indicanae</span> <span class='ocrx_word' id='word_1_262' title='bbox 1469 3248 1514 3295; x_wconf 86' lang='lat' dir='ltr'>ua</span> <span class='ocrx_word' id='word_1_263' title='bbox 1538 3216 1613 3292; x_wconf 70' lang='lat' dir='ltr'>late</span> <span class='ocrx_word' id='word_1_264' title='bbox 1641 3240 1737 3311; x_wconf 86' lang='lat' dir='ltr'>patet</span> 
     </span>
     <span class='ocr_line' id='line_1_30' title="bbox 211 3316 1739 3417; baseline -0.001 -24"><span class='ocrx_word' id='word_1_265' title='bbox 211 3316 373 3394; x_wconf 83' lang='lat' dir='ltr'>Ecclesrae</span> <span class='ocrx_word' id='word_1_266' title='bbox 398 3316 499 3395; x_wconf 88' lang='lat' dir='ltr'>fieret</span> <span class='ocrx_word' id='word_1_267' title='bbox 525 3320 721 3412; x_wconf 74' lang='lat' dir='ltr'>colledio,</span> <span class='ocrx_word' id='word_1_268' title='bbox 779 3325 900 3403; x_wconf 82' lang='lat' dir='ltr'>nalem</span> <span class='ocrx_word' id='word_1_269' title='bbox 934 3324 979 3395; x_wconf 90' lang='lat' dir='ltr'>de</span> <span class='ocrx_word' id='word_1_270' title='bbox 1000 3320 1177 3398; x_wconf 81' lang='lat' dir='ltr'>Conciliir</span> <span class='ocrx_word' id='word_1_271' title='bbox 1198 3323 1361 3397; x_wconf 76' lang='lat' dir='ltr'>Limenia</span> <span class='ocrx_word' id='word_1_272' title='bbox 1392 3324 1431 3399; x_wconf 81' lang='grc'>’8.</span> <span class='ocrx_word' id='word_1_273' title='bbox 1452 3324 1462 3363; x_wconf 74' lang='grc'>’·</span> <span class='ocrx_word' id='word_1_274' title='bbox 1486 3322 1597 3417; x_wconf 71' lang='grc' dir='ltr'>,υτῐδῑί</span> <span class='ocrx_word' id='word_1_275' title='bbox 1628 3318 1739 3391; x_wconf 89' lang='lat' dir='ltr'>edidit</span> 
     </span>
     <span class='ocr_line' id='line_1_31' title="bbox 208 3418 1741 3523; baseline -0.002 -30"><span class='ocrx_word' id='word_1_276' title='bbox 208 3418 415 3495; x_wconf 80' lang='lat' dir='ltr'>franciscus</span> <span class='ocrx_word' id='word_1_277' title='bbox 439 3419 642 3513; x_wconf 85' lang='lat' dir='ltr'>Hatoldus,</span> <span class='ocrx_word' id='word_1_278' title='bbox 667 3420 713 3495; x_wconf 87' lang='lat' dir='ltr'>de</span> <span class='ocrx_word' id='word_1_279' title='bbox 776 3422 1024 3521; x_wconf 76' lang='lat' dir='ltr'>ispaniensrbus</span> <span class='ocrx_word' id='word_1_280' title='bbox 1058 3422 1262 3499; x_wconf 86' lang='lat' dir='ltr'>Cardinalis</span> <span class='ocrx_word' id='word_1_281' title='bbox 1289 3426 1478 3523; x_wconf 64' lang='lat' dir='ltr'>nguine,</span> <span class='ocrx_word' id='word_1_282' title='bbox 1498 3425 1541 3496; x_wconf 88' lang='lat' dir='ltr'>de</span> <span class='ocrx_word' id='word_1_283' title='bbox 1565 3419 1741 3495; x_wconf 84' lang='lat' dir='ltr'>Conciliis</span> 
     </span>
     <span class='ocr_line' id='line_1_32' title="bbox 205 3519 1739 3623; baseline -0.002 -29"><span class='ocrx_word' id='word_1_284' title='bbox 205 3522 322 3594; x_wconf 83' lang='lat' dir='ltr'>totitu</span> <span class='ocrx_word' id='word_1_285' title='bbox 343 3520 510 3597; x_wconf 77' lang='lat' dir='ltr'>Ecclesia</span> <span class='ocrx_word' id='word_1_286' title='bbox 529 3526 674 3621; x_wconf 79' lang='lat' dir='ltr'>plures,</span> <span class='ocrx_word' id='word_1_287' title='bbox 697 3522 823 3621; x_wconf 85' lang='lat' dir='ltr'>quibus</span> <span class='ocrx_word' id='word_1_288' title='bbox 846 3546 925 3600; x_wconf 91' lang='lat' dir='ltr'>tam</span> <span class='ocrx_word' id='word_1_289' title='bbox 950 3524 1136 3599; x_wconf 87' lang='lat' dir='ltr'>modicum</span> <span class='ocrx_word' id='word_1_290' title='bbox 1156 3526 1480 3623; x_wconf 78' lang='lat' dir='ltr'>acceptum&#39;refer&#39;t</span> <span class='ocrx_word' id='word_1_291' title='bbox 1494 3524 1637 3598; x_wconf 83' lang='lat' dir='ltr'>&#39;Novus</span> <span class='ocrx_word' id='word_1_292' title='bbox 1668 3519 1739 3592; x_wconf 89' lang='lat' dir='ltr'>Or·</span> 
     </span>
     <span class='ocr_line' id='line_1_33' title="bbox 206 3622 1737 3724; baseline -0.001 -28"><span class='ocrx_word' id='word_1_293' title='bbox 206 3622 290 3711; x_wconf 77' lang='lat' dir='ltr'>bic,</span> <span class='ocrx_word' id='word_1_294' title='bbox 316 3642 354 3697; x_wconf 92' lang='lat' dir='ltr'>ut</span> <span class='ocrx_word' id='word_1_295' title='bbox 375 3626 435 3699; x_wconf 85' lang='lat' dir='ltr'>vix</span> <span class='ocrx_word' id='word_1_296' title='bbox 459 3624 564 3699; x_wconf 84' lang='lat' dir='ltr'>unius</span> <span class='ocrx_word' id='word_1_297' title='bbox 590 3642 654 3699; x_wconf 90' lang='lat' dir='ltr'>aut</span> <span class='ocrx_word' id='word_1_298' title='bbox 675 3625 824 3701; x_wconf 84' lang='lat' dir='ltr'>alterius</span> <span class='ocrx_word' id='word_1_299' title='bbox 844 3651 977 3724; x_wconf 86' lang='lat' dir='ltr'>nempe</span> <span class='ocrx_word' id='word_1_300' title='bbox 1002 3624 1184 3701; x_wconf 83' lang='lat' dir='ltr'>Mexicani</span> <span class='ocrx_word' id='word_1_301' title='bbox 1206 3634 1247 3703; x_wconf 81' lang='lat' dir='ltr'>-dc</span> <span class='ocrx_word' id='word_1_302' title='bbox 1271 3626 1439 3719; x_wconf 66' lang='lat' dir='ltr'>Limam,</span> <span class='ocrx_word' id='word_1_303' title='bbox 1476 3652 1557 3699; x_wconf 83' lang='lat' dir='ltr'>cunr</span> <span class='ocrx_word' id='word_1_304' title='bbox 1579 3644 1640 3699; x_wconf 82' lang='lat' dir='ltr'>rot</span> <span class='ocrx_word' id='word_1_305' title='bbox 1668 3624 1737 3694; x_wconf 87' lang='lat' dir='ltr'>alia</span> 
     </span>
     <span class='ocr_line' id='line_1_34' title="bbox 207 3722 1740 3827; baseline 0 -31"><span class='ocrx_word' id='word_1_306' title='bbox 207 3722 383 3801; x_wconf 87' lang='lat' dir='ltr'>celebrata</span> <span class='ocrx_word' id='word_1_307' title='bbox 407 3724 500 3818; x_wconf 89' lang='lat' dir='ltr'>srnt,</span> <span class='ocrx_word' id='word_1_308' title='bbox 520 3728 630 3824; x_wconf 82' lang='lat' dir='ltr'>copia</span> <span class='ocrx_word' id='word_1_309' title='bbox 654 3726 779 3801; x_wconf 62' lang='lat' dir='ltr'>detur,</span> <span class='ocrx_word' id='word_1_310' title='bbox 805 3727 854 3803; x_wconf 91' lang='lat' dir='ltr'>Et</span> <span class='ocrx_word' id='word_1_311' title='bbox 871 3732 961 3827; x_wconf 79' lang='lat' dir='ltr'>quia</span> <span class='ocrx_word' id='word_1_312' title='bbox 980 3730 1150 3803; x_wconf 84' lang='lat' dir='ltr'>locorum</span> <span class='ocrx_word' id='word_1_313' title='bbox 1179 3727 1353 3807; x_wconf 80' lang='lat' dir='ltr'>distantia</span> <span class='ocrx_word' id='word_1_314' title='bbox 1373 3730 1425 3803; x_wconf 71' lang='lat' dir='ltr'>in·</span> <span class='ocrx_word' id='word_1_315' title='bbox 1451 3730 1585 3823; x_wconf 85' lang='lat' dir='ltr'>aliquot</span> <span class='ocrx_word' id='word_1_316' title='bbox 1621 3724 1740 3797; x_wconf 81' lang='lat' dir='ltr'>India·</span> 
     </span>
     <span class='ocr_line' id='line_1_35' title="bbox 206 3824 1738 3927; baseline -0.001 -28"><span class='ocrx_word' id='word_1_317' title='bbox 206 3851 287 3900; x_wconf 88' lang='lat' dir='ltr'>rum</span> <span class='ocrx_word' id='word_1_318' title='bbox 312 3830 513 3923; x_wconf 87' lang='lat' dir='ltr'>regionibus</span> <span class='ocrx_word' id='word_1_319' title='bbox 538 3828 688 3903; x_wconf 81' lang='lat' dir='ltr'>rariores</span> <span class='ocrx_word' id='word_1_320' title='bbox 713 3826 995 3921; x_wconf 80' lang='lat' dir='ltr'>secitejusmodi</span> <span class='ocrx_word' id='word_1_321' title='bbox 1021 3848 1157 3921; x_wconf 84' lang='lat' dir='ltr'>coettu,</span> <span class='ocrx_word' id='word_1_322' title='bbox 1179 3856 1248 3927; x_wconf 89' lang='lat' dir='ltr'>pro</span> <span class='ocrx_word' id='word_1_323' title='bbox 1272 3830 1327 3905; x_wconf 85' lang='lat' dir='ltr'>his</span> <span class='ocrx_word' id='word_1_324' title='bbox 1352 3828 1372 3904; x_wconf 83' lang='grc' dir='ltr'><strong>ὲ</strong></span> <span class='ocrx_word' id='word_1_325' title='bbox 1404 3857 1445 3904; x_wconf 93' lang='lat' dir='ltr'>re</span> <span class='ocrx_word' id='word_1_326' title='bbox 1470 3827 1565 3902; x_wconf 85' lang='lat' dir='ltr'>foret</span> <span class='ocrx_word' id='word_1_327' title='bbox 1593 3824 1738 3923; x_wconf 72' lang='lat' dir='ltr'>Episco-</span> 
     </span>
     <span class='ocr_line' id='line_1_36' title="bbox 210 3927 1741 4030; baseline -0.003 -28"><span class='ocrx_word' id='word_1_328' title='bbox 210 3954 340 4026; x_wconf 89' lang='lat' dir='ltr'>porum</span> <span class='ocrx_word' id='word_1_329' title='bbox 365 3930 476 4006; x_wconf 71' lang='lat' dir='ltr'>edida</span> <span class='ocrx_word' id='word_1_330' title='bbox 502 3935 538 4007; x_wconf 80' lang='lat' dir='ltr'>dt</span> <span class='ocrx_word' id='word_1_331' title='bbox 572 3929 812 4005; x_wconf 80' lang='lat' dir='ltr'>instruttiones</span> <span class='ocrx_word' id='word_1_332' title='bbox 834 3930 876 4005; x_wconf 81' lang='lat' dir='ltr'>in</span> <span class='ocrx_word' id='word_1_333' title='bbox 901 3958 1012 4007; x_wconf 90' lang='lat' dir='ltr'>unum</span> <span class='ocrx_word' id='word_1_334' title='bbox 1042 3933 1167 4030; x_wconf 83' lang='lat' dir='ltr'>colligi</span> <span class='ocrx_word' id='word_1_335' title='bbox 1195 3930 1285 4027; x_wconf 71' lang='lat' dir='ltr'>typic</span> <span class='ocrx_word' id='word_1_336' title='bbox 1318 3932 1456 4007; x_wconf 87' lang='lat' dir='ltr'>edenda</span> <span class='ocrx_word' id='word_1_337' title='bbox 1483 3985 1493 4020; x_wconf 93' lang='lat'>,</span> <span class='ocrx_word' id='word_1_338' title='bbox 1525 3948 1571 4002; x_wconf 83' lang='lat' dir='ltr'>ut</span> <span class='ocrx_word' id='word_1_339' title='bbox 1596 3953 1638 4000; x_wconf 83' lang='lat' dir='ltr'>ex</span> <span class='ocrx_word' id='word_1_340' title='bbox 1666 3927 1741 3999; x_wconf 87' lang='lat' dir='ltr'>aliis</span> 
     </span>
     <span class='ocr_line' id='line_1_37' title="bbox 208 4028 1740 4133; baseline -0.003 -30"><span class='ocrx_word' id='word_1_341' title='bbox 208 4032 248 4103; x_wconf 90' lang='lat' dir='ltr'>iu</span> <span class='ocrx_word' id='word_1_342' title='bbox 274 4032 343 4106; x_wconf 87' lang='lat' dir='ltr'>alia</span> <span class='ocrx_word' id='word_1_343' title='bbox 369 4035 487 4107; x_wconf 90' lang='lat' dir='ltr'>minus</span> <span class='ocrx_word' id='word_1_344' title='bbox 510 4054 601 4107; x_wconf 89' lang='lat' dir='ltr'>nota</span> <span class='ocrx_word' id='word_1_345' title='bbox 627 4029 866 4107; x_wconf 81' lang='lat' dir='ltr'>affirnderetur</span> <span class='ocrx_word' id='word_1_346' title='bbox 892 4052 1017 4133; x_wconf 87' lang='lat' dir='ltr'>optata</span> <span class='ocrx_word' id='word_1_347' title='bbox 1038 4034 1123 4109; x_wconf 76' lang='lat' dir='ltr'>lux.</span> <span class='ocrx_word' id='word_1_348' title='bbox 1145 4030 1288 4129; x_wconf 63' lang='lat' dir='ltr'>‹Quodsr</span> <span class='ocrx_word' id='word_1_349' title='bbox 1313 4032 1510 4107; x_wconf 79' lang='lat' dir='ltr'>desiderato</span> <span class='ocrx_word' id='word_1_350' title='bbox 1548 4028 1658 4126; x_wconf 83' lang='lat' dir='ltr'>Operi</span> <span class='ocrx_word' id='word_1_351' title='bbox 1687 4054 1740 4098; x_wconf 86' lang='lat' dir='ltr'>ac-</span> 
     </span>
     <span class='ocr_line' id='line_1_38' title="bbox 208 4133 1743 4232; baseline 0.001 -30"><span class='ocrx_word' id='word_1_352' title='bbox 208 4133 348 4208; x_wconf 87' lang='lat' dir='ltr'>cederet</span> <span class='ocrx_word' id='word_1_353' title='bbox 385 4134 486 4210; x_wconf 87' lang='lat' dir='ltr'>sacra</span> <span class='ocrx_word' id='word_1_354' title='bbox 520 4133 732 4232; x_wconf 86' lang='lat' dir='ltr'>geb&#39;graphia</span> <span class='ocrx_word' id='word_1_355' title='bbox 769 4136 965 4209; x_wconf 80' lang='lat' dir='ltr'>dioeceseon</span> <span class='ocrx_word' id='word_1_356' title='bbox 996 4161 1084 4209; x_wconf 87' lang='lat' dir='ltr'>cum</span> <span class='ocrx_word' id='word_1_357' title='bbox 1110 4142 1229 4210; x_wconf 76' lang='lat' dir='ltr'>exacta</span> <span class='ocrx_word' id='word_1_358' title='bbox 1259 4135 1472 4210; x_wconf 86' lang='lat' dir='ltr'>definitione</span> <span class='ocrx_word' id='word_1_359' title='bbox 1508 4133 1663 4205; x_wconf 83' lang='lat' dir='ltr'>limitum</span> <span class='ocrx_word' id='word_1_360' title='bbox 1698 4134 1743 4203; x_wconf 83' lang='lat' dir='ltr'>ad</span> 
     </span>
     <span class='ocr_line' id='line_1_39' title="bbox 206 4229 1740 4333; baseline -0.003 -26"><span class='ocrx_word' id='word_1_361' title='bbox 206 4229 480 4330; x_wconf 87' lang='lat' dir='ltr'>episcoporum,</span> <span class='ocrx_word' id='word_1_362' title='bbox 507 4238 801 4333; x_wconf 85' lang='lat' dir='ltr'>praelatorumque</span> <span class='ocrx_word' id='word_1_363' title='bbox 828 4240 1003 4327; x_wconf 86' lang='lat' dir='ltr'>aliorum,</span> <span class='ocrx_word' id='word_1_364' title='bbox 1040 4243 1078 4313; x_wconf 80' lang='lat'>&#39;&amp;</span> <span class='ocrx_word' id='word_1_365' title='bbox 1104 4241 1148 4311; x_wconf 86' lang='lat' dir='ltr'>ad</span> <span class='ocrx_word' id='word_1_366' title='bbox 1172 4240 1302 4312; x_wconf 86' lang='lat' dir='ltr'>nullius</span> <span class='ocrx_word' id='word_1_367' title='bbox 1328 4235 1601 4326; x_wconf 76' lang='lat' dir='ltr'>jurisdidlioncm</span> <span class='ocrx_word' id='word_1_368' title='bbox 1636 4234 1740 4326; x_wconf 89' lang='lat' dir='ltr'>perti·</span> 
     </span>
     <span class='ocr_line' id='line_1_40' title="bbox 205 4334 1740 4436; baseline 0 -28"><span class='ocrx_word' id='word_1_369' title='bbox 205 4334 396 4427; x_wconf 87' lang='lat' dir='ltr'>nentium,</span> <span class='ocrx_word' id='word_1_370' title='bbox 420 4339 535 4426; x_wconf 83' lang='lat' dir='ltr'>majus</span> <span class='ocrx_word' id='word_1_371' title='bbox 560 4335 643 4411; x_wconf 82' lang='lat' dir='ltr'>esset</span> <span class='ocrx_word' id='word_1_372' title='bbox 670 4341 855 4434; x_wconf 88' lang='lat' dir='ltr'>pretium,</span> <span class='ocrx_word' id='word_1_373' title='bbox 893 4338 1083 4436; x_wconf 71' lang='lat' dir='ltr'>praesertim</span> <span class='ocrx_word' id='word_1_374' title='bbox 1106 4341 1189 4435; x_wconf 82' lang='lat' dir='ltr'>quia</span> <span class='ocrx_word' id='word_1_375' title='bbox 1217 4344 1329 4436; x_wconf 83' lang='lat' dir='ltr'>plures</span> <span class='ocrx_word' id='word_1_376' title='bbox 1364 4338 1462 4412; x_wconf 74' lang='lat' dir='ltr'>sadae</span> <span class='ocrx_word' id='word_1_377' title='bbox 1488 4336 1566 4409; x_wconf 78' lang='lat' dir='ltr'>sunt</span> <span class='ocrx_word' id='word_1_378' title='bbox 1600 4335 1740 4408; x_wconf 87' lang='lat' dir='ltr'>ordina-</span> 
     </span>
    </p>
   </div>
   <div class='ocr_carea' id='block_1_4' title="bbox 205 4436 1742 4633">
    <p class='ocr_par' dir='ltr' id='par_1_5' title="bbox 205 4436 1742 4633">
     <span class='ocr_line' id='line_1_41' title="bbox 205 4436 1742 4552; baseline -0.003 -42"><span class='ocrx_word' id='word_1_379' title='bbox 205 4436 334 4510; x_wconf 86' lang='lat' dir='ltr'>tiones</span> <span class='ocrx_word' id='word_1_380' title='bbox 358 4462 418 4533; x_wconf 91' lang='lat' dir='ltr'>pro</span> <span class='ocrx_word' id='word_1_381' title='bbox 439 4440 531 4515; x_wconf 85' lang='lat' dir='ltr'>locis</span> <span class='ocrx_word' id='word_1_382' title='bbox 554 4461 653 4515; x_wconf 86' lang='lat' dir='ltr'>extra</span> <span class='ocrx_word' id='word_1_383' title='bbox 678 4441 811 4516; x_wconf 86' lang='lat' dir='ltr'>limites</span> <span class='ocrx_word' id='word_1_384' title='bbox 832 4440 1102 4537; x_wconf 82' lang='lat' dir='ltr'>episcopatuum</span> <span class='ocrx_word' id='word_1_385' title='bbox 1122 4440 1349 4517; x_wconf 84' lang='lat' dir='ltr'>constitutis.</span> <span class='ocrx_word' id='word_1_386' title='bbox 1371 4439 1446 4514; x_wconf 84' lang='lat' dir='ltr'>Sed</span> <span class='ocrx_word' id='word_1_387' title='bbox 1461 4436 1537 4511; x_wconf 81' lang='lat' dir='ltr'>brec</span> <span class='ocrx_word' id='word_1_388' title='bbox 1558 4455 1645 4552; x_wconf 76' lang='lat' dir='ltr'>uota</span> <span class='ocrx_word' id='word_1_389' title='bbox 1658 4461 1742 4506; x_wconf 80' lang='lat' dir='ltr'>con-</span> 
     </span>
     <span class='ocr_line' id='line_1_42' title="bbox 1583 4559 1697 4633; baseline -0.009 -23"><span class='ocrx_word' id='word_1_390' title='bbox 1583 4559 1697 4633; x_wconf 77' lang='lat' dir='ltr'>cipere</span> 
     </span>
    </p>
   </div>
   <div class='ocr_carea' id='block_1_5' title="bbox 205 4803 1745 4953">
    <p class='ocr_par' dir='ltr' id='par_1_6' title="bbox 205 4803 1745 4953">
     <span class='ocr_line' id='line_1_43' title="bbox 246 4803 1745 4877; baseline 0.001 -13"><span class='ocrx_word' id='word_1_391' title='bbox 246 4805 302 4873; x_wconf 83' lang='lat' dir='ltr'>(a)</span> <span class='ocrx_word' id='word_1_392' title='bbox 323 4810 450 4869; x_wconf 82' lang='lat' dir='ltr'>Herrera</span> <span class='ocrx_word' id='word_1_393' title='bbox 465 4807 577 4870; x_wconf 77' lang='lat' dir='ltr'>Decad.</span> <span class='ocrx_word' id='word_1_394' title='bbox 599 4828 624 4864; x_wconf 86' lang='lat' dir='ltr'>r.</span> <span class='ocrx_word' id='word_1_395' title='bbox 646 4807 696 4868; x_wconf 79' lang='lat' dir='ltr'>tib.</span> <span class='ocrx_word' id='word_1_396' title='bbox 715 4828 746 4863; x_wconf 70' lang='grc' dir='ltr'>-ι,</span> <span class='ocrx_word' id='word_1_397' title='bbox 766 4825 828 4876; x_wconf 84' lang='lat' dir='ltr'>cap.</span> <span class='ocrx_word' id='word_1_398' title='bbox 852 4832 880 4875; x_wconf 68' lang='lat'>4.</span> <span class='ocrx_word' id='word_1_399' title='bbox 960 4805 1023 4875; x_wconf 82' lang='lat' dir='ltr'>sb)</span> <span class='ocrx_word' id='word_1_400' title='bbox 1049 4806 1164 4877; x_wconf 78' lang='lat' dir='ltr'>Histoire</span> <span class='ocrx_word' id='word_1_401' title='bbox 1183 4807 1230 4864; x_wconf 76' lang='lat' dir='ltr'>des</span> <span class='ocrx_word' id='word_1_402' title='bbox 1251 4806 1347 4875; x_wconf 70' lang='lat' dir='ltr'>lfriag.</span> <span class='ocrx_word' id='word_1_403' title='bbox 1369 4820 1433 4864; x_wconf 84' lang='lat' dir='ltr'>rom·</span> <span class='ocrx_word' id='word_1_404' title='bbox 1455 4824 1483 4856; x_wconf 71' lang='grc' dir='ltr'>ι.</span> <span class='ocrx_word' id='word_1_405' title='bbox 1503 4803 1553 4860; x_wconf 83' lang='lat' dir='ltr'>lib·</span> <span class='ocrx_word' id='word_1_406' title='bbox 1578 4824 1604 4867; x_wconf 84' lang='lat'>5·</span> <span class='ocrx_word' id='word_1_407' title='bbox 1634 4819 1694 4866; x_wconf 67' lang='lat' dir='ltr'>cap·</span> <span class='ocrx_word' id='word_1_408' title='bbox 1719 4824 1745 4854; x_wconf 85' lang='lat'>²·</span> 
     </span>
     <span class='ocr_line' id='line_1_44' title="bbox 205 4898 360 4953; baseline 0 -16"><span class='ocrx_word' id='word_1_409' title='bbox 205 4898 270 4953; x_wconf 77' lang='lat' dir='ltr'>m.</span> <span class='ocrx_word' id='word_1_410' title='bbox 290 4901 360 4953; x_wconf 82' lang='lat'>²9²·</span> 
     </span>
    </p>
   </div>
   <div class='ocr_carea' id='block_1_6' title="bbox 0 0 1936 5686">
    <p class='ocr_par' dir='ltr' id='par_1_7' title="bbox 0 0 1936 5686">
     <span class='ocr_line' id='line_1_45' title="bbox 0 0 1936 5686; baseline 0 1"><span class='ocrx_word' id='word_1_411' title='bbox 0 0 1936 5686; x_wconf 95' lang='lat' dir='ltr'> </span> 
     </span>
    </p>
   </div>
  </div>
 </body>
</html>
