3856 5678
184 248 197 269 ²
268 270 345 359 3¹0
704 245 1289 330 o'nnruartouns

215 407 253 481 ὁ(
280 398 374 500 apud
400 419 487 499 quos
509 391 546 471 se
583 383 756 492 recipiant
781 393 881 484 juxta
916 391 1077 491 regulam
1101 387 1254 468 instituti
1294 386 1472 475 viventes.
1513 389 1576 474 Ito
1604 389 1769 482 referunt:

216 501 373 585 Barbosa
401 506 495 594 (a),
522 504 557 578 bt
583 497 613 572 Ι.
640 496 684 575 Β.
709 496 847 574 Pittoni
874 492 965 587 (b).

584 700 1092 784 ORDINATIO
1152 696 1402 782 CLXXXIII.

753 805 863 885 Anno
893 829 1002 906 1591.
1033 830 1094 891 20..
1121 805 1216 904 Sept.

214 1009 516 1190 Confirmavit
540 1012 735 1114 Gregorius
759 1012 858 1090 XIV.
895 1009 1008 1103 Breve
1039 1007 1097 1088 Pii
1122 1009 1169 1084 V.
1203 1012 1297 1086 circa
1332 1033 1461 1086 munus
1498 1014 1745 1109 parochiales

323 1116 538 1213 regularibus
565 1116 749 1193 Indiamm
774 1106 1034 1192 exercendum.
1061 1111 1100 1188 P.
1122 1112 1326 1189 Franciscus
1352 1112 1541 1191 Diaztario
1567 1115 1745 1212 s.J.1>10

211 1220 335 1294 vinciae
362 1218 583 1316 Paraquariae
609 1241 821 1319 procurator
849 1224 885 1295 dt
909 1217 1146 1296 miffionarius
1174 1221 1222 1306 (c)
1249 1218 1300 1290 ait
1326 1235 1446 1290 extare
1474 1216 1511 1290 in
1539 1216 1678 1297 scriniis
1698 1222 1741 1302 D.

212 1319 361 1417 Joannis
386 1323 430 1395 de
454 1317 611 1398 Cabrera
638 1326 675 1397 in
700 1322 815 1421 Regia
850 1320 1076 1399 Cancellaria
1109 1317 1267 1394 Platensr
1292 1317 1478 1394 Secretarii
1513 1319 1742 1403 Camenalis.

208 1422 342 1522 Incipit
368 1425 498 1522 Exponi
521 1423 629 1498 nobis.
658 1424 745 1499 Inde
770 1423 951 1522 sequentia
985 1423 1088 1499 verba
1115 1417 1327 1517 transcripsit
1363 1419 1578 1499 Diaztario:
1615 1429 1681 1504 Nos
1704 1430 1743 1504 al

210 1526 371 1602 uberiores
407 1524 536 1601 srudus
575 1553 662 1627 quos
688 1524 750 1626 ipsa
789 1523 992 1625 professores
1017 1523 1199 1617 (Ordinis
1235 1520 1552 1614 Praedicatonun)
1593 1527 1632 1601 in
1662 1554 1740 1629 agro

207 1629 395 1706 dominico
421 1628 557 1706 strenui
583 1627 790 1729 proferunt,
819 1629 978 1707 debitum
1004 1624 1217 1726 respeuum,
1244 1652 1286 1702 ac
1313 1645 1476 1703 tenorem
1494 1628 1673 1706 didacum
1689 1634 1737 1711 lit-

104 1802 107 1807 .
209 1751 368 1808 terarum
395 1731 478 1821 (Pii
503 1733 600 1827 V.),
628 1734 771 1833 perinde
799 1759 840 1809 ac
867 1730 893 1806 s1
929 1735 974 1809 de
1000 1732 1106 1808 verbo
1133 1729 1180 1805 ad
1215 1727 1359 1807 verbum
1385 1730 1653 1829 insererentur,
1686 1760 1736 1834 pro

206 1835 364 1933 expresso
389 1835 578 1912 habentes.
595 1891 627 1911 ..
654 1835 964 1937 supplicationibus
980 1833 1210 1915 provincialis
1236 1837 1271 1911 ἃ
1292 1831 1523 1932 professorum
1550 1837 1661 1924 (didi
1680 1836 1734 1916 Or·

106 1966 111 1972 ·
205 1939 325 2026 dinis)
353 1939 541 2032 inclinati,
568 1940 666 2016 vobis
691 1939 924 2037 (Episcopis)
949 1939 1189 2036 praecipi'muS,
1228 1960 1273 2011 ne
1300 1934 1445 2012 Ordinis
1483 1939 1634 2035 praedidi
1670 1967 1733 2040 pro·

206 2037 347 2115 sessores
374 2042 419 2114 ad
445 2042 677 2117 obtinendam
695 2042 1012 2140 approbationem,
1040 2066 1122 2115 cum
1148 2038 1193 2113 de
1213 2038 1379 2123 1101111111Ι
1400 2040 1437 2113 in
1461 2042 1655 2117 dotcrinam
1674 2046 1731 2120 mi·

203 2165 335 2239 grant,
363 2143 406 2218 de
432 2165 561 2218 cratero
589 2169 716 2219 contra
745 2167 905 2219 tenorem
931 2144 1133 2219 litterarum
1168 2141 1250 2214 dicti
1276 2137 1330 2215 Pii
1362 2142 1615 2239 praedecessoris
1639 2145 1729 2222 1101111

204 2247 428 2342 compellatis.
458 2245 570 2323 Extat
597 2248 733 2354 imegra
758 2244 980 2321 Constitutio
1005 2246 1044 2318 in
1070 2245 1225 2342 quadam
1254 2244 1435 2319 Auditorii
1472 2242 1645 2321 Platenfis
1668 2275 1726 2346 pro

128 2358 131 2363 ’
202 2344 337 2420 vifione
361 2349 458 2443 regia
486 2351 570 2424 anni
600 2356 712 2445 1636.
744 2371 801 2446 15.
829 2346 913 2442 Julii
940 2373 1010 2445 qua
1036 2345 1261 2421 milsronariis
1288 2347 1331 2418 de
1358 2347 1538 2424 Societate
1568 2349 1605 2423 in
1639 2349 1725 2426 Para·

204 2451 329 2544 quaria
356 2450 483 2524 indulti
512 2453 609 2547 piani
635 2449 738 2527 savor
763 2450 1010 2543 asserebatur,
1047 2450 1180 2546 rogatis
1215 2445 1394 2546 Episcopis
1428 2449 1563 2548 nequid
1591 2453 1725 2530 innota·

200 2570 308 2629 rent.
335 2550 405 2627 Sed
433 2554 513 2628 vide
541 2552 632 2629 insta
660 2553 750 2630 Ord.
781 2554 863 2651 185·
893 2550 978 2649 588.
1011 2561 1098 2648 596.
1158 2578 1161 2584 ·

305 2649 416 2748 Quod
442 2657 571 2731 attinet
597 2657 680 2731 verb
707 2656 752 2732 ad
788 2655 1082 2752 approbationem
1119 2654 1364 2752 regularium,
1390 2655 1476 2728 dum
1501 2655 1546 2730 de
1583 2656 1721 2734 1101111111

200 2756 241 2828 in
267 2754 465 2831 doctrinam
492 2758 678 2855 migrant,
716 2776 814 2833 extat
841 2757 879 2831 in
902 2752 995 2851 :Jurc
1021 2754 1148 2834 Indico
1183 2757 1241 2832 lex
1267 2757 1362 2845 (d).·
1389 2759 1637 2852 Declaramos,
1671 2760 1726 2860 qae'

200 2858 256 2928 los
281 2856 462 2952 religiosos
487 2861 717 2936 examinados
743 2886 764 2953 y
786 2857 981 2957 aprobados
1006 2883 1078 2935 una
1104 2882 1164 2932 vez
1190 2883 1274 2956 para
1295 2884 1365 2932 uua
1384 2860 1564 2952 dostrina,
1590 2885 1639 2936 no
1665 2861 1725 2939 1111

92 3002 129 3027 .·
202 2959 248 3032 de
273 2960 394 3034 voluer
418 2962 439 3035 a
465 2957 555 3036 serlo
580 2964 618 3036 ni
645 2988 709 3061 por
735 2965 787 3038 los
813 2963 972 3060 proprios
998 2959 1237 3058 Arzobispos,
1276 2958 1498 3058 yObispos,
1535 2964 1573 3037 ni
1600 2962 1725 3061 porsut

201 3056 429 3137 successores:
456 3091 484 3158 y⁴
504 3062 577 3140 ello
603 3063 637 3138 se
663 3066 709 3141 ha
737 3066 780 3141 de
805 3064 975 3139 emender
1002 3089 1087 3160 para
1113 3068 1146 3138 el
1172 3065 1302 3138 mismo
1328 3061 1510 3161 Obispado
1535 3063 1723 3142 bArzobis·

199 3166 312 3259 pado,
339 3189 384 3239 en
410 3192 476 3266 quc
503 3165 628 3242 sueton
655 3167 885 3243 examinados
912 3222 923 3259 ,
962 3192 983 3260 y
1011 3189 1055 3241 en
1080 3191 1147 3266 que
1172 3164 1207 3240 se
1233 3169 1282 3241 les
1308 3165 1452 3241 huviere
1477 3168 1575 3244 dado
1599 3195 1619 3244 a
1643 3169 1722 3245 roba·

198 3269 281 3341 cion
308 3292 416 3343 como
443 3271 462 3342 ai
489 3269 603 3346 Curas
629 3269 681 3345 sm
707 3272 915 3346 limitacion
943 3270 1094 3364 alguna.
1122 3267 1205 3343 Mas
1230 3266 1256 3343 s1
1284 3264 1511 3345 sobreviniere
1539 3196 1643 3348 causa
1669 3266 1748 3371 quo'

198 3371 238 3442 10
264 3370 372 3467 pida,
412 3372 435 3443 ὸ
472 3398 536 3469 por
572 3374 763 3449 demeritos
789 3398 835 3448 en
861 3374 897 3446 la
935 3368 1148 3445 sufficicncia
1186 3367 1325 3448 osalta
1350 3370 1407 3446 del
1434 3372 1594 3466 idioma,
1629 3373 1724 3471 b'pot

199 3469 342 3544 suceder
380 3498 488 3546 como
523 3476 567 3548 de
605 3477 790 3548 ordinario
816 3471 940 3548 sucede
976 3496 1043 3569 que
1084 3495 1201 3550 traten
1226 3474 1269 3546 de
1304 3473 1514 3570 rnudarsey
1552 3474 1724 3572 passarsel

196 3590 278 3647 otra
304 3572 488 3665 dodrina,
515 3600 560 3649 en
586 3600 653 3673 que
679 3577 763 3650 haia
791 3603 812 3669 y
838 3573 872 3650 se
898 3572 1001 3648 hable
1027 3594 1108 3650 otra
1134 3576 1287 3675 longua,
1314 3599 1350 3647 es
1375 3574 1465 3664 jullo
1491 3602 1560 3674 que
1599 3577 1633 3652 se
1656 3600 1722 3651 esa·

197 3673 320 3749 minen
345 3675 389 3750 de
414 3702 555 3767 nucvo,
583 3702 717 3777 porque
736 3702 780 3772 ya
809 3701 857 3753 no
883 3673 918 3756 se
943 3675 1043 3755 halla
1068 3700 1115 3756 en
1140 3681 1228 3758 ellos
1251 3678 1389 3776 aquella
1419 3675 1654 3774 srufficiencia,
1672 3700 1723 3781 qut

198 3778 353 3854 merecio
379 3781 414 3857 la
441 3781 594 3879 primeta
621 3779 832 3880 aprobacion.

560 3984 1065 4066 ORDINATIO
1128 3983 1374 4064 CLXXXIV.

735 4090 846 4165 Anno
876 4112 986 4188 1591.
1014 4109 1074 4163 11.
1101 4087 1200 4187 Sept.

260 4291 460 4384 Rorogavit
486 4288 684 4388 Gregorius
710 4291 757 4367 ad
786 4293 991 4370 vicennium
1017 4291 1208 4370 facultates
1235 4293 1342 4369 variis
1368 4310 1441 4369 tem
1466 4293 1585 4370 oribus
1620 4290 1741 4372 socia·-

287 4394 355 4468 tati
379 4389 461 4485 lesu
487 4389 663 4467 concessas
688 4419 754 4493 pro
781 4392 918 4488 Indiis,
943 4402 980 4473 bt
1005 4397 1162 4495 quarum
1190 4397 1314 4494 aliquae
1340 4419 1383 4471 co
1449 4421 1518 4494 que
1544 4398 1591 4471 ad
1615 4399 1721 4478 decen
1766 4430 1769 4436 ·

188 4497 291 4572 nium
318 4515 462 4570 tantum
488 4497 797 4572 concedebantur.
827 4497 881 4572 Ex
908 4502 1098 4597 exemplari
1139 4498 1261 4574 Romi
1291 4499 1335 4572 ad
1362 4501 1564 4596 provincias
1598 4495 1720 4575 misso·
1752 4520 1769 4611 '5

190 4597 322 4700 Incipit
346 4599 449 4674 Alias
475 4599 623 4696 quidem.
652 4600 744 4676 Vide
772 4598 863 4677 Ord.
893 4625 978 4676 222.
1008 4610 1094 4698 276.
1124 4621 1208 4696 277.
1239 4619 1326 4697 313.
1355 4620 1443 4699 349.
1473 4625 1559 4700 522.
1590 4608 1673 4781 gog

187 4825 1724 5010 ,tp-umss’mmssff

220 4970 431 5100 111111111111111,
453 5033 508 5094 (s.
528 5030 569 5092 ad
588 5031 722 5101 uagatur.
742 5049 773 5089 n.
797 5051 880 5098 1151.
984 4956 1081 5025 verso·
