3856 5678
359 368 366 377 ’
513 310 1021 422 hvoenonuctc.
1072 347 1185 421 1600.
1237 351 1347 446 1650.
1585 369 1656 449 351

170 480 230 563 lioe
255 499 359 561 etant
379 479 500 560 'solum
524 479 709 580 ferendae,
744 483 973 562 incurruntur
1005 481 1082 584 ipso
1106 480 1202 563 fauo
1223 540 1236 579 ,
1260 511 1336 564 non
1367 485 1529 564 severitas
1565 493 1710 591 mitiga·

170 603 256 680 tttr,
282 584 342 663 sed
369 604 540 687 augetur,
565 608 607 663 ut
627 604 756 687 patet.
1007 598 1018 622 ⁰
1441 613 1443 617 ·
1804 653 1812 662 ,

220 693 322 780 (tv)
349 694 388 764 In
413 688 532 780 Synodo
557 691 719 777 Limtnst.
741 688 888 766 Nouem
910 688 986 783 est,
1001 693 1048 768 ⁷&
1063 710 1242 766 ²'notatum
1268 691 1375 784 alibi,
1401 694 1566 792 quamvis
1590 696 1706 770 multa

170 787 301 875 scierint
337 794 489 868 concilia
524 793 634 868 etiam
669 793 901 892 provincialia
937 794 1052 871 Limae
1081 793 1280 885 celebrata,
1319 791 1602 871 antonomastice
1639 798 1709 872 dici

170 890 375 971 Concilium
400 892 686 994 Limanequod
705 894 894 993 ongo-est
917 895 1109 989 Tertium,
1134 897 1231 996 quod
1256 892 1369 994 ipsum
1394 893 1464 973 fuit
1542 900 1704 974 munet

170 994 202 1073 Β.
230 995 408 1074 Thuribio
434 999 596 1075 cordium
622 1023 719 1075 anno
746 997 882 1098 1582„
908 996 968 1074 sed
993 996 1137 1075 finitum
1162 1022 1259 1075 anno
1276 997 1467 1098 soqtunte.
1517 1024 1613 1076 neo
1633 999 1703 1079 lh-

170 1099 279 1177 tuitur
302 1103 376 1190 (a)
402 1103 496 1190 utss
517 1101 590 1198 quis
614 1099 750 1177 clericus
773 1122 983 1179 mercatura
1018 1124 1166 1202 operam
1190 1101 1354 1194 dederit,
1377 1121 1502 1201 practer
1525 1127 1657 1203 poenas
1675 1106 1705 1179 fai

170 1201 241 1283 iure
268 1200 451 1303 impofiras
473 1205 857 1282 excommunicationis
889 1203 1102 1284 sententiam
1138 1202 1214 1304 ipso
1233 1200 1334 1281 fallo
1357 1206 1531 1281 incurrat.
1565 1207 1615 1285 Et
1629 1207 1727 1288 'sub'

170 1302 299 1383 elidem
315 1307 436 1406 poenis
462 1326 584 1402 vetat,
610 1310 759 1408 nequis
784 1307 961 1384 Indorum
997 1307 1172 1408 parochus
1197 1332 1258 1405 per
1279 1307 1318 1383 Ie
1335 1309 1400 1384 vel
1426 1332 1488 1406 per
1519 1308 1704 1408 interpo'fi·

170 1427 246 1485 tam
272 1407 459 1506 personam
486 1435 570 1485 cum
595 1409 695 1487 Indis
720 1432 962 1488 mercaturam
984 1435 1146 1488 exercere
1174 1409 1381 1509 prasumat«.
1421 1410 1565 1512 Insuper
1589 1436 1704 1512 neque

170 1533 293 1610 pecora
318 1533 443 1609 praeter
468 1509 657 1589 necessaria
685 1513 731 1588 ad
758 1515 1033 1608 villumalere,
1061 1533 1124 1591 aut
1152 1537 1254 1612 agros
1280 1516 1419 1605 colere,
1447 1535 1509 1590 aut
1535 1513 1702 1590 vehendis

170 1610 339 1689 mercibus
366 1615 537 1690 animalia
566 1632 684 1692 tenere
710 1617 765 1692 vel
787 1619 931 1710 locare,
957 1641 1070 1717 neque
1097 1615 1207 1692 Indos
1232 1616 1241 1631 ⁰
1265 1614 1321 1690 sos
1347 1615 1394 1715 ad
1420 1618 1610 1694 mineralia
1636 1616 1700 1695 srbi

170 1714 321 1803 ‚uranda
346 1718 513 1810 mittere,
542 1719 597 1792 vel
622 1743 748 1794 eorum
784 1743 931 1817 operam
954 1722 1096 1797 locare.
1121 1716 1195 1815 Qvi
1222 1642 1370 1793 diorum
1406 1719 1588 1816 quodlibet
1620 1744 1702 1819 ege·

170 1817 230 1910 it,
256 1820 627 1896 excommunicatione
652 1821 833 1896 sententia
857 1825 939 1898 latae
964 1819 999 1898 se
1025 1823 1166 1898 noverit
1191 1821 1407 1896 innodatum.
1449 1819 1494 1894 In
1519 1821 1642 1920 quibus
1668 1831 1703 1900 bt
1808 1893 1811 1896 ,

170 1939 374 2018 ¹>rteoeptum
396 1926 435 2000 bt
456 1923 843 1999 excommunicationis
860 1920 978 2024 -poena‘
996 1926 1222 2001 continetur.
1248 1921 1352 1998 Licet
1376 1919 1465 1998 verb
1490 1947 1595 2020 prena
1626 1923 1702 2000 h‘aec
1778 1936 1781 1943 “

170 2041 331 2123 [eatenus
355 2027 431 2101 lata
457 2040 584 2103 co'ntra
611 2021 760 2102 clericos
779 2027 1026 2127 negotiatores
1050 2025 1218 2126 praesente
1244 2027 1475 2124 abrogatione
1492 2021 1702 2120 ceffivtrit,

170 2147 370 2224 vraeoeptum
397 2148 519 2205 tamen
544 2154 620 2207 non
644 2131 881 2224 irem,·cujus
906 2130 1142 2207 violationem
1168 2130 1301 2227 praelati
1327 2129 1451 2227 punite
1476 2123 1617 2224 possunt
1638 2150 1697 2203 ex·
1775 2137 1778 2143 '

170 2231 499 2308 communicationis
524 2229 738 2309 sententiam
762 2228 949 2311 'serendam
983 2234 1028 2309 de
1053 2230 1150 2309 fallo
1174 2227 1350 2324 ferentes,
1382 2249 1429 2307 ut
1452 2232 1596 2306 notavit
1622 2230 1692 2307 loc.

170 2329 219 2404 tit.
247 2329 506 2431 Montenegro.
532 2333 603 2408 Sed
628 2335 1101 2411 &excommunicationem
1138 2332 1213 2431 ipso
1235 2329 1332 2409 fallo
1354 2332 1608 2411 incurrendam
1643 2335 1697 2410 in·

170 2435 304 2510 vovavit
329 2435 492 2531 deinceps
515 2431 682 2544 Clemens
708 2433 799 2528 tx,
823 2437 869 2511 de
894 2459 967 2533 quo
994 2433 1094 2514 infra¹
1113 2435 1205 2513 Ord.
1234 2453 1321 2532 342.
1585 2466 1588 2471 ·

503 2633 1087 2717 ORDIN-ATIO
1181 2632 1358 2717 CCXIV:

711 2741 822 2819 Anno
852 2748 962 2842 1607.
999 2763 1060 2819 22.
1087 2736 1157 2837 Jnl.
1195 2753 1212 2807 '-

260 2941 441 3021 .liionarii
464 2942 685 3025 Discalceati
710 2948 860 3025 Ordinis
883 2946 1124 3026 Carmelitani
1150 2947 1307 3047 exempti
1332 2944 1476 3023 fuerunt
1513 2949 1535 3021 a
1560 2943 1696 3038 jurisdi·

185 3069 189 3074 ’
290 3049 405 3121 &ione
427 3045 763 3145 Congregationutn
788 3048 968 3146 Hispaniae
993 3059 1030 3128 ὅ(
1053 3051 1189 3141 Italiae,
1218 3051 1504 3146 incorporatique
1531 3048 1693 3147 Congtc·

170 3148 291 3238 [ationi
315 3149 351 3223 S.
378 3147 480 3223 Pauli
508 3150 702 3246 apostolica
727 3147 946 3226 authoritate
974 3154 1094 3227 eredlae
1122 3152 1167 3224 ad
1190 3147 1384 3223 infidelium
1409 3148 1603 3248 prasertim
1631 3150 1693 3225 In·
1773 3200 1776 3209 ·

170 3248 286 3323 lorum
311 3248 598 3325 conversionem.
625 3252 694 3328 Sed
718 3250 1008 3351 Congregatione
1042 3252 1078 3326 S.
1106 3250 1209 3327 Pauli
1237 3274 1332 3324 anno
1363 3258 1472 3347 1613.
1510 3273 1546 3344 7.
1573 3249 1690 3325 Marta

170 3347 343 3448 uppreffa,
369 3351 436 3440 juri
462 3351 610 3428 Ordinis
635 3353 785 3430 restituti
809 3353 921 3430 sunt.
958 3353 1104 3432 Domos
1138 3352 1272 3428 habent
1309 3351 1345 3424 in
1369 3349 1556 3449 Hispahan
1593 3353 1692 3449 regia

170 3447 339 3530 'ersarum
364 3455 472 3547 urbe,
499 3457 536 3530 in
561 3435 725 3553 Mogol,
760 3456 874 3550 Gom,
901 3458 1003 3535 &in
1038 3482 1101 3533 ora
1127 3456 1366 3531 malabarica.
1401 3453 1546 3529 Mentio
1583 3451 1625 3529 fit
1651 3456 1691 3528 in

170 3550 283 3629 listor.
311 3555 401 3633 Ord.
435 3555 594 3634 Monast.
633 3560 731 3637 aD.
758 3559 907 3655 Heliot,
946 3563 1001 3636 vel
1025 3557 1178 3662 quisquis
1210 3556 1259 3634 est
1285 3552 1418 3634 ‘author
1456 3555 1584 3634 Gallus
1619 3557 1693 3646 eius

170 3651 401 3755 operiam).

502 3864 1081 3945 ORDINATIO
1176 3861 1325 3939 CCXV.
1469 3969 1491 4001 Χ

695 3969 805 4044 Anno
833 3966 945 4043 1608.
975 3990 1032 4041 ιι.
1058 3966 1139 4062 Jun.

170 4165 277 4344 'Ji'
301 4150 452 4268 religiosi
478 4168 659 4247 Ordinum
683 4170 745 4248 SS.
771 4169 959 4248 Dominici
984 4226 994 4264 ,
1030 4166 1209 4245 Francisci
1233 4176 1248 4261 ,'
1271 4171 1307 4245 bt
1332 4163 1519 4267 Augustini
1559 4163 1688 4266 poffint

266 4269 306 4344 in'
328 4268 518 4368 Japoniam
545 4276 728 4369 trajicere,
754 4299 829 4349 non
855 4272 971 4348 solum
998 4298 1059 4371 per
1084 4271 1368 4370 Portugalliam,
1393 4292 1434 4345 ut
1461 4291 1544 4345 ante
1570 4272 1688 4346 decre

170 4393 350 4463 metat,
376 4374 527 4476 sedqua
553 4375 715 4453 liberet.
753 4376 813 4453 Ita
837 4374 982 4473 habet,
1009 4381 1045 4453 bt
1070 4377 1317 4461 executionem
1352 4373 1502 4448 mandat
1542 4377 1598 4449 lex
1654 4398 1688 4448 2.

174 4494 198 4548 t.
230 4498 285 4653 ig.
313 4475 373 4651 lig.
405 4498 437 4549 1.
464 4480 598 4578 Recop.
624 4480 707 4558 Ind.
735 4478 868 4579 Incipit
894 4477 988 4578 Sedis
1012 4476 1220 4579 Apostolicae.
1248 4477 1340 4552 Vide
1362 4474 1467 4573 supra
1487 4474 1576 4550 Ord.
1596 4475 1681 4569 198.

170 4580 247 4656 :in
284 4606 303 4654 a
372 4578 424 4656 td.
452 4578 540 4678 284.
949 4580 964 4623 ’Χ
1158 4611 1160 4615 ’

1543 4777 1635 4859 ott-

174 5050 234 5122 (a)
254 5054 287 5111 C·
308 5056 472 5189 Lim‘gffl'
493 5080 522 5140 3:
543 5075 605 5127 cap·
629 5081 656 5128 a·
676 5064 715 5120 θ’
736 5079 762 5125 s·
780 5058 854 5140 ''ide
872 5058 1032 5122 Ord.·ot·
1054 5052 1130 5149 ¹(b)
1150 5055 1219 5130 ttu.
1237 5052 1285 5115 cles
1305 5051 1427 5121 omres,
1446 5058 1508 5112 tar·
1528 5050 1683 5114 tid-¹7²¹·

170 5150 206 5186 m.
232 5153 255 5185 ¹·
275 5152 339 5202 car·
361 5157 377 5203 ι
400 5153 497 5207 nac·
518 5154 586 5206 ιιι·
