3864 5686
240 359 289 426 ιο
559 322 561 326 '
720 224 1207 418 sil-tlt!¹

187 505 247 566 me
271 480 415 589 quidem
439 469 601 576 lunen,
627 478 686 559 led
709 471 904 581 quandam
929 476 997 558 etse
1023 474 1165 575 finum,
1192 481 1230 558 in
1255 482 1355 572 culus
1373 491 1504 562 cantro
1527 479 1603 566 sese
1624 481 1742 568 attoli

30 636 34 645 =
187 592 281 666 lebat
308 587 442 679 insula,
469 610 546 686 quae
572 584 813 685 inpraesentia
839 585 1215 662 Maranmatctuu:
1254 587 1487 685 quodetiam
1513 606 1617 668 certat
1654 610 1737 691 pto·

186 695 310 770 vincia
333 682 549 766 Brasrlienfis
573 704 708 764 nornen
731 685 815 765 esta
853 685 942 764 Tria
979 691 1132 764 omnino
1157 685 1384 772 celeberrima
1421 689 1572 770 flumina
1606 697 1739 772 laruae·

186 810 264 872 tum
279 786 405 890 linum
430 793 698 892 ingrediunturt
727 808 765 868 at
791 791 931 868 utillum
958 808 1009 892 ex·
1027 790 1083 865 his
1111 788 1300 871 Mararlou
1322 793 1423 869 audit
1448 811 1577 873 eontra
1600 822 1644 874 ac
1665 811 1738 896 pu*¹

184 897 253 976 suit
277 893 318 973 P.
342 889 619 996 Chrilloplrortt‘e
644 896 689 969 de
714 897 881 988 Acuna,
916 896 976 992 qui
1004 894 1042 968 itt
1065 893 1303 994 descriptione
1338 894 1496 973 fluminis
1533 899 1736 978 Amazonii

184 995 370 1077 brachium
395 1022 440 1073 ex
465 1021 511 1074 eo
539 999 590 1073 ait
617 998 838 1096 procedere,
875 997 972 1095 quod
999 1014 1131 1072 vocant
1166 1008 1373 1091 Moram,
1414 998 1519 1098 idque
1546 1001 1584 1078 in
1610 1004 1735 1080 Mara·

86 1144 94 1153 ·
184 1103 324 1203 gnoniae
348 1098 465 1176 smum
490 1094 658 1176 influere.
687 1100 731 1175 In
759 1097 871 1176 insula
899 1099 1144 1197 cognomine,
1179 1117 1286 1199 qaam
1312 1103 1425 1176 eriam
1458 1107 1632 1182 naaman
1669 1133 1732 1206 ap=

184 1204 405 1383 pellantsqppi
430 1201 580 1279 lusitane
606 1204 847 1302 pronunciant
885 1197 970 1277 illuc
992 1218 1037 1278 ert
1064 1202 1186 1277 Gallia
1212 1197 1306 1278 milli
1330 1203 1548 1284 desudabant
1581 1210 1736 1309 quidam

184 1309 247 1384 reli
274 1309 337 1383 ior
398 1333 416 1383 a
466 1298 577 1382 ccini.
1732 1336 1737 1345 ·

232 1328 395 1502 (iidata,
418 1324 622 1508 iitpoutu,
649 1397 675 1482 li
705 1400 781 1483 aliis
792 1397 899 1500 tides,
926 1424 1023 1483 nona
1037 1401 1165 1484 Martii
1191 1405 1252 1484 die
1278 1404 1405 1488 Petrus
1421 1405 1572 1490 Alvarez
1593 1409 1728 1493 Cabral

182 1505 346 1612 digressus
371 1511 420 1587 est
446 1510 651 1609 Ulyllrpone
686 1509 841 1586 secundo
877 1510 1106 1608 navigaturus
1133 1512 1170 1586 in
1205 1511 1433 1590 Americam.
1475 1515 1551 1592 Sub
1583 1520 1733 1616 naviga·

183 1618 290 1693 tionis
316 1617 483 1706 initium,
510 1612 694 1689 sabbatum
720 1613 866 1703 majoris
891 1613 1126 1687 hebdomada
1153 1619 1375 1709 recurrebat,
1404 1641 1487 1691 cum
1513 1617 1608 1694 soeda
1647 1647 1729 1720 pro·

182 1721 273 1796 cella
297 1709 414 1818 fuisset
438 1718 628 1808 excitata,
654 1741 724 1815 qua
750 1713 959 1814 quibusdam
985 1714 1131 1791 nauibus
1157 1712 1359 1810 submersu,
1387 1720 1528 1817 reliquae
1555 1724 1591 1796 in
1631 1721 1729 1800 varia

180 1818 368 1919 disparatae
392 1808 495 1913 sunt,
522 1818 591 1916 ipse
617 1840 700 1894 cum
725 1816 839 1894 elatsn
864 1814 1018 1917 reliquiis
1055 1818 1193 1894 delatus
1217 1816 1268 1895 'cll
1308 1823 1352 1896 ad
1391 1844 1492 1897 oram
1532 1818 1726 1921 Brasrliae,

181 1940 394 2024 portumque
420 1922 557 2012 tenuit,
584 1946 689 2021 quent
715 1919 963 1996 denominavit
990 1926 1169 1996 Securum.
1196 1913 1308 2020 Eique
1335 1922 1512 2013 adjacenti
1551 1929 1688 2026 regioni
1715 1978 1728 2022 ,

181 2046 290 2126 quam
315 2023 491 2116 Lusrtano
517 2024 632 2126 Regi,
661 2025 760 2099 adita
787 2049 851 2120 pro
870 2041 915 2097 eo
942 2020 1165 2120 possessione,
1193 2021 1277 2099 feeit
1297 2026 1513 2120 obnoxiam,
1540 2031 1638 2106 dedit
1664 2046 1729 2106 nod

182 2150 267 2204 men
293 2152 314 2204 a
340 2122 622 2204 saneta-cruce.
659 2125 742 2223 Jam
777 2122 937 2201 Brasrliae
960 2144 1094 2200 nomen
1134 2124 1176 2199 ab
1213 2127 1386 2226 indigenis
1419 2140 1625 2227 usurpatum
1662 2155 1731 2208 no-

182 2248 265 2307 vam
291 2229 565 2330 appellationem
601 2227 806 2326 constanter·
828 2230 944 2306 vicit.
983 2226 1065 2304 Post
1090 2227 1165 2303 huc
1200 2229 1388 2307 Cabraliua
1426 2233 1462 2306 in
1495 2232 1732 2311 Calecutium'

180 2331 304 2512 Qut,
331 2329 675 2453 illucqueb'pervenit
706 2347 763 2430 13t
801 2330 1053 2430 Septembris,
1093 2347 1199 2430 atque
1236 2334 1319 2408 inde
1356 2333 1662 2431 Canaanorium‚
1689 2342 1728 2418 dt

240 2457 382 2514 cornum
453 2455 531 2512 tut.

210 2458 450 2639 <liabulosude
447 2534 600 2615 omnino
635 2527 704 2615 suit
739 2563 863 2619 rumor
897 2554 1106 2638 pervagatus
1143 2531 1463 2643 litletemportbas
1501 2564 1560 2644 pet
1596 2532 1726 2644 Hispa·

180 2642 300 2736 niam3
328 2637 384 2718 cui
411 2659 534 2719 tamen
560 2639 809 2718 confirmando
835 2641 1023 2718 accedebat
1062 2645 1252 2720 auctoritas
1288 2648 1514 2741 invidorum,
1551 2672 1640 2742 quos
1672 2664 1729 2724 ret

181 2762 265 2820 cum
291 2745 396 2823 laude
422 2741 523 2844 gesta
548 2742 693 2819 Colono
719 2764 946 2842 pepererant.
975 2743 1117 2822 Rumor
1143 2766 1250 2844 porro
1274 2747 1349 2822 haec
1385 2745 1521 2825 serebat
1545 2802 1555 2840 ,
1582 2766 1739 2824 certam¹

179 2841 311 2922 scilicet
335 2847 561 2948 onerariam,
586 2861 665 2944 qua
689 2844 841 2945 liquores
866 2845 1033 2946 hispanos
1059 2845 1105 2922 ad
1132 2851 1302 2947 Angliam
1330 2847 1613 2948 transportabat,
1640 2868 1726 2925 cum

51 2965 53 2968 ’
131 2989 145 3015 ι
180 2942 244 3024 diu
268 2966 394 3026 eontra
421 2950 661 3047 impotentem
687 2967 874 3025 ventorum
902 2950 975 3023 vim
1000 2946 1127 3024 sntstra
1155 2950 1409 3045 concertaffer,
1433 2950 1622 3027 meridiem
1651 2974 1725 3027 ver·

179 3049 235 3127 sus
259 3069 332 3153 quo
354 3054 520 3155 procella
546 3051 680 3152 impetu
706 3050 962 3151 abripiebatur,
990 3050 1058 3126 hac
1085 3050 1169 3128 illae
1194 3049 1397 3146 fluduasst,
1424 3053 1577 3130 eandem
1603 3044 1724 3154 postea

163 3152 295 3232 „tersus
319 3157 543 3234 occidentem
569 3157 758 3248 delatam,
794 3172 836 3229 ac
861 3152 1015 3252 denique
1051 3151 1244 3252 tranquillo
1270 3155 1343 3243 iam
1368 3153 1461 3231 mati
1499 3156 1547 3232 ad
1580 3154 1725 3254 conspe-

177 3255 274 3336 &um
300 3262 481 3351 cujusdam
508 3253 628 3334 insulae
654 3255 778 3334 [letitie
791 3313 801 3348 ,
828 3255 867 3331 in
893 3281 1002 3350 quam
1027 3275 1221 3326 nautarum
1247 3258 1347 3328 turba
1377 3276 1526 3352 corpora
1558 3275 1727 3332 ctttaturtt

176 3359 309 3436 dicitur
324 3358 561 3434 'exscendilse
588 3358 697 3429 Pauci
724 3357 870 3427 tradunt
895 3352 1083 3426 laudat-am
1104 3353 1256 3446 cybea'm
1282 3356 1328 3431 ad
1347 3374 1453 3432 oram
1478 3352 1721 3468 ‚perranum

179 3454 368 3563 appulirie,
396 3472 521 3534 ornnes
549 3456 594 3530 ad
620 3451 828 3529 Brafiliarn.
1153 3547 1155 3551 ,

226 3560 288 3642 Ad
311 3564 385 3640 hae
411 3555 571 3650 aiebant,
597 3552 805 3632 nauclerum
828 3553 889 3632 seu
913 3552 1113 3650 Buaticum,
1138 3552 1198 3635 seu
1221 3548 1467 3654 Cantabrum,
1494 3555 1554 3638 scu
1578 3553 1722 3639 Lutra·

177 3658 407 3761 nunt,·adeo
430 3685 570 3761 quoque
595 3657 694 3734 sama
719 3656 917 3753 fluitabat,
956 3683 1038 3734 cum
1064 3661 1193 3736 rediret
1219 3663 1355 3752 jamin
1381 3663 1564 3760 Europam
1592 3721 1603 3756 ,
1639 3665 1722 3741 casu

179 3767 321 3852 tenuisse
346 3788 538 3847 nautarum
566 3758 723 3862 praefidio
748 3759 957 3838 destitutam
981 3760 1135 3861 insulam
1170 3788 1191 3838 a
1217 3762 1330 3839 Portu
1355 3764 1515 3858 sancto,
1554 3767 1671 3865 ibique
1698 3793 1720 3844 a

175 3870 324 3951 Colono
348 3867 497 3972 benigne
523 3891 565 3944 ac
583 3864 784 3942 liberaliter
808 3882 1017 3965 acceptum,
1044 3865 1139 3964 apud
1162 3867 1339 3959 eundem,
1362 3886 1472 3966 quem
1496 3886 1722 3944 commenta·

176 3977 314 4054 tiorum
339 3965 483 4053 suorum
508 3964 686 4047 imredetn
711 3968 854 4070 reliquit
887 3988 932 4044 ert
957 3963 1060 4060 alle,
1097 3969 1243 4045 tandem
1267 3968 1474 4047 decenne.
1509 3970 1571 4048 Sic
1600 3969 1722 4047 nna

17 4139 33 4159 .
176 4070 272 4158 stum
295 4072 481 4156 Colonum
505 4074 588 4150 novi
615 4069 708 4148 orbis
717 4062 1018 4170 conquisitionem
1043 4067 1245 4170 suscepisse.
1272 4071 1332 4147 Ad
1354 4070 1529 4151 Senatum
1550 4068 1720 4150 indictam

176 4180 284 4261 cattsa
307 4177 448 4262 delata.
473 4177 604 4268 judices
627 4199 692 4271 pro
717 4170 751 4246 se
775 4171 901 4248 habuit
925 4172 1109 4247 Colonus.
1134 4173 1185 4278 lit
1211 4175 1355 4272 quidem
1376 4174 1404 4249 fi
1429 4173 1557 4278 praevia
1583 4174 1646 4251 ina
1667 4177 1720 4253 lu·

177 4308 218 4361 ce
242 4302 318 4359 non
343 4276 525 4370 annullet,
552 4294 645 4352 certe
669 4274 950 4372 aequinoctialem
974 4277 1110 4352 lineam
1133 4274 1320 4376 superasset
1345 4305 1356 4370 ;
1384 4277 1480 4355 hanc
1516 4302 1602 4355 vero
1628 4301 1721 4364 nurt-

175 4406 286 4488 quam
310 4380 484 4484 superavit
507 4378 670 4457 Golonut
694 4380 771 4468 (a).

229 4487 370 4565 Eodem
397 4504 494 4560 anno
523 4500 635 4582 1500.
652 4478 801 4579 Gaspar
824 4473 870 4556 de
893 4472 1081 4559 Cortereal
1107 4472 1299 4559 Lufitauus
1323 4472 1513 4582 conspicua
1550 4471 1719 4557 nobilita·

180 4608 219 4669 te
240 4590 259 4681 <
283 4585 525 4667 Gentilbombre
550 4586 659 4683 vulgo
685 4584 863 4683 appellant
889 4587 906 4676 )
931 4584 1171 4663 Terre-novo
1196 4586 1388 4684 applicuit,
1415 4587 1564 4683 iecitque
1582 4581 1718 4657 ancho-

173 4712 234 4773 rae
257 4694 296 4770 in
320 4713 366 4769 eo
385 4688 490 4783 ‘srnn,
514 4688 580 4788 qui
603 4686 648 4763 ab
671 4704 718 4762 eo
743 4700 902 4789 ternpore
925 4708 1073 4765 vocatur
1100 4710 1122 4764 a
1157 4683 1436 4788 conceptione.
1473 4682 1628 4763 Subinde
1663 4690 1718 4762 in-

52 4893 56 4899 ,
176 4794 260 4877 sulae
283 4818 390 4881 oram
414 4792 603 4873 occiduam
628 4804 747 4868 totam
771 4789 991 4891 potltdltavit
1017 4812 1123 4891 atque
1147 4789 1176 4866 fi
1200 4813 1283 4869 tera
1306 4787 1500 4880 etfama,
1528 4782 1721 4964 mqquqrn

1130 5003 1711 5053 W

146 5125 150 5133 ’
216 5127 273 5204 sal
294 5129 365 5212 Μ(
384 5128 454 5193 Ord·
474 5132 510 5195 tt.
527 5126 626 5190 adura
648 5138 679 5185 r.-
