3856 5678
399 338 477 420 608
821 331 1399 419 Onututtrtonrt
1494 372 1502 379 -

348 483 541 579 domingos
565 504 588 572 y
614 471 726 550 frellas
750 474 795 550 de
820 480 972 573 guardar
997 503 1047 554 no
1073 477 1231 565 trnlrajcn
1255 479 1309 554 los
1335 476 1476 567 ludios,
1502 477 1538 551 ni
1567 478 1619 552 lor
1645 474 1813 571 Negros,
1847 473 1877 548 ni

347 587 405 660 tos
431 582 611 656 Mulatos:
636 603 661 673 y
686 601 753 678 que
777 579 812 654 se
836 579 882 654 de
918 578 1030 654 orden
1064 605 1130 678 que
1156 578 1261 675 oigan
1291 579 1394 656 todor
1418 574 1519 653 milla
1543 633 1556 669 ,
1584 603 1606 672 y
1632 579 1798 676 guarden
1834 577 1877 650 lar

348 683 465 761 fiellas
486 706 556 780 que
581 678 772 757 estuvieren
797 678 982 757 set'taladas
1007 705 1072 778 por
1097 680 1142 755 de
1168 672 1333 779 precepto
1360 681 1526 781 patulos
1546 678 1698 771 ludios,
1722 679 1876 776 Negros,

347 787 573 881 yMulator.
599 780 696 877 Ergo
721 784 777 855 lert
802 785 847 857 de
872 808 946 856 non
972 783 1187 879 occupandis
1210 776 1474 879 hominibueid
1498 805 1610 877 genus
1647 782 1877 879 intelligenda

348 885 465 962 solu'm
490 891 534 962 de
557 879 676 973 fellis,
702 906 779 983 quae
805 883 952 982 respectu
979 886 1120 957 illorum
1145 881 1225 959 sunt
1251 886 1295 958 de
1323 904 1515 982 precepto.

456 989 514 1063 Ad
540 1010 577 1083 4.
602 984 738 1073 objeu.
764 984 873 1083 resp,
900 987 1120 1085 privilegium
1146 986 1265 1071 recens
1290 983 1487 1059 concessum
1512 980 1685 1083 Hispanis
1712 1008 1788 1059 non
1818 979 1875 1056 elle

352 1091 499 1182 inutile,
523 1090 608 1186 quia
634 1090 737 1162 multi
764 1089 924 1164 laborare
951 1087 1082 1161 habent
1107 1108 1218 1186 opus,
1244 1095 1280 1165 dt
1304 1080 1388 1161 licet
1424 1086 1518 1183 male
1542 1084 1663 1163 feriati
1696 1087 1791 1160 vitio
1825 1083 1876 1159 luo

233 1240 236 1245 ,
349 1216 425 1268 non
450 1192 635 1282 laborent,
662 1188 819 1264 laborare
847 1186 1016 1286 potsunt,
1054 1190 1149 1287 quod
1175 1212 1282 1283 antea
1300 1213 1380 1263 non
1407 1209 1597 1286 poterant.
1635 1187 1746 1264 Tum
1776 1189 1876 1262 etiam

351 1294 435 1392 quia
463 1289 602 1390 poliunt
629 1294 673 1364 ad
701 1295 856 1389 proprias
882 1292 1006 1389 operas
1030 1288 1164 1366 sclavos
1188 1290 1386 1371 conducere
1406 1312 1584 1390 -tanquem
1609 1289 1746 1367 liberos
1772 1286 1875 1365 solute

352 1397 535 1470 mercede:
560 1393 657 1490 quod
683 1414 757 1465 non
784 1391 849 1468 elle
878 1393 1001 1468 inutile
1027 1392 1302 1469 conducentibus
1328 1390 1487 1468 constat.

456 1496 514 1570 Ad
539 1517 574 1594 5.
601 1491 686 1589 resp.
718 1518 774 1586 t.,
801 1518 913 1592 neque
938 1498 1077 1589 legem,
1095 1498 1215 1591 'neque
1228 1495 1314 1590 legis
1339 1514 1588 1592 argumentum
1613 1489 1681 1569 seu
1710 1490 1876 1570 rubricam

351 1598 448 1695 loqui
476 1594 613 1694 praecise
638 1595 682 1667 de
719 1590 975 1685 Chilenstbus,
1013 1594 1095 1668 licet
1131 1594 1192 1668 sub
1227 1595 1297 1669 hoc
1326 1597 1431 1673 titulo
1466 1598 1629 1672 methodi
1657 1593 1770 1672 caula
1794 1652 1805 1680 ,
1828 1599 1876 1672 cel

350 1702 433 1798 quia
462 1700 482 1772 *a
507 1694 731 1772 Chilenstbus
755 1696 848 1772 faeta
874 1696 924 1772 est
949 1701 1063 1793 legem
1089 1693 1224 1770 ferendi
1251 1694 1416 1788 occasio,
1442 1702 1668 1773 collocetur.
1704 1723 1742 1771 2.
1773 1698 1813 1772 In
1835 1702 1873 1772 le-

350 1824 394 1899 ge
421 1803 479 1875 illa
508 1823 583 1873 non
607 1798 724 1894 primi>
760 1799 968 1874 conceditur
1002 1798 1248 1897 privilegium,
1283 1795 1341 1871 sed
1372 1802 1595 1899 priuilegium
1633 1803 1874 1891 conceditur,

351 1905 448 2001 quod
473 1926 519 1978 ert
544 1900 641 1999 praxi
669 1904 722 1975 vel
748 1926 792 1976 etr
818 1901 959 1997 synodis
987 1898 1140 1975 noscitur
1166 1898 1232 1973 elle
1259 1925 1472 1994 commune,
1500 1908 1648 1999 dequo
1685 1924 1811 1998 prater
1832 1904 1876 1976 di·

351 2007 406 2082 &a
432 2005 592 2079 videatur
619 2002 818 2078 Avendrtio
847 2008 946 2093 (a).
975 2002 1093 2099 Regiae
1118 2001 1299 2075 Scheduloe
1324 2000 1394 2077 hoc
1419 2001 1494 2101 ipl'o
1517 2007 1615 2102 quod
1645 2003 1782 2081 lndtcae
1814 2006 1878 2080 tte·

351 2108 560 2204 copilationi
588 2098 722 2177 insertae
748 2103 838 2198 stnt,
864 2128 906 2177 ex
932 2100 1103 2199 rescriptis
1130 2100 1219 2177 liunt
1241 2104 1333 2197 leges
1359 2104 1395 2178 in
1420 2103 1502 2179 cusu
1528 2104 1641 2180 limili
1663 2105 1878 2202 obligantes,

349 2229 390 2283 ut
415 2205 457 2281 fit
482 2209 518 2281 in
543 2202 846 2302 JureCanonico.
875 2204 955 2278 Into
983 2200 1179 2301 priusquam
1205 2201 1313 2278 ellent
1339 2207 1562 2303 recopilatae,
1591 2207 1633 2281 id
1661 2206 1879 2282 affirmarunt

350 2312 465 2409 plures
491 2311 584 2408 apud
609 2304 797 2382 Villarroel
824 2305 893 2393 (b)
920 2331 1003 2379 cum
1028 2303 1246 2379 Cordubenst
1272 2305 1394 2381 nostro
1426 2305 1518 2403 Juris
1545 2306 1666 2383 ludici
1706 2307 1879 2384 eonlttltis·

347 2410 438 2487 stmo
464 2410 611 2497 Pinelo,
639 2410 697 2508 qui
725 2410 761 2485 in
788 2406 960 2483 Traditur
986 2413 1036 2496 De
1061 2409 1173 2504 Regiis
1200 2408 1508 2496 Confirmarirnibus
1543 2411 1701 2508 loquens
1736 2412 1782 2486 de
1805 2438 1880 2510 qua·

347 2515 434 2589 darn
461 2511 637 2588 decistone
664 2513 737 2610 pro'
753 2510 990 2584 determinata
1017 2511 1197 2605 provincia
1226 2506 1315 2585 falla
1343 2511 1417 2587 ait:
1443 2512 1612 2604 Decistorr,
1641 2538 1716 2610 que
1753 2538 1881 2611 aunque

348 2615 409 2691 fue
436 2640 519 2711 para
547 2614 745 2705 Yueatan,
782 2636 888 2687 como
921 2611 957 2685 la
985 2635 1091 2686 razon
1118 2634 1154 2686 es
1187 2611 1351 2708 general,
1389 2608 1605 2711 {certique
1646 2622 1668 2691 a
1700 2616 1806 2691 rodas
1839 2619 1880 2689 las

348 2718 481 2791 Indias.

455 2818 514 2893 Ad
539 2826 599 2895 §.r
626 2816 870 2919 privilegium,
895 2819 938 2892 de
963 2840 1034 2918 quo
1061 2818 1097 2893 in
1123 2814 1311 2916 praesenti,
1348 2842 1423 2895 non
1447 2812 1496 2895 ell
1523 2814 1670 2917 praecise
1713 2824 1883 2920 exemptio

349 2918 371 2996 d
397 2922 473 3018 lege
498 2917 649 2996 feriandi
675 2922 712 2997 in
737 2918 851 3012 fellis,
878 2916 934 2994 sed
959 2922 1138 3019 exemptio
1164 2922 1185 2995 ὲ
1209 2916 1283 3011 jure
1309 2923 1545 3019 compellendi
1569 2923 1719 2999 sclavos
1750 2951 1808 3023 per
1830 2927 1880 2998 itu

351 3023 454 3099 verba
480 3019 698 3121 fignificat,
724 3024 797 3099 Non
822 3024 1077 3120 compellantur,
1103 3027 1166 3096 les
1189 3026 1232 3097 ha
1258 3023 1294 3098 de
1313 3016 1369 3115 scr
1395 3023 1476 3098 libre
1500 3026 1719 3123 alquilarft,
1749 3034 1769 3103 t
1794 3024 1882 3116 no,e¹

349 3126 508 3222 μέθῃ
534 3151 621 3199 como
645 3127 817 3222 qursteren.
846 3118 928 3203 Hoc
955 3120 1204 3222 privilegium,
1241 3145 1282 3200 ut
1309 3144 1428 3222 patet,
1454 3151 1529 3201 non
1555 3127 1611 3202 est
1647 3133 1837 3229 exemptio
1864 3131 1881 3200 'a

349 3225 424 3315 jure
449 3225 703 3321 ecclefiassico,
729 3225 788 3301 sed
815 3229 834 3298 tl
860 3227 933 3315 jure
960 3227 1121 3323 gentium
1144 3251 1216 3324 quo
1242 3225 1346 3301 sclavi
1374 3230 1540 3328 compelli
1570 3228 1728 3326 polsunt
1758 3234 1805 3307 ad
1827 3230 1880 3306 let·

350 3328 539 3404 tiendum:
566 3332 621 3404 cui
648 3330 715 3419 juri
740 3348 888 3403 manent
914 3327 1058 3402 obnoxii
1085 3349 1261 3426 quotquot
1287 3327 1391 3403 simili
1443 3330 1608 3426 rivilegio
1642 3358 1816 3409 carentes
1839 3358 1879 3407 eo

349 3431 380 3505 ti
405 3425 509 3504 sclavi
536 3429 640 3519 sunt,
666 3453 704 3506 ut
732 3432 857 3526 aliquis
881 3428 1002 3504 Turta
1028 3430 1082 3503 vel
1107 3429 1323 3505 Saracenus.
1349 3355 1563 3519 Huidlmodi
1584 3439 1821 3534 exemptioni
1841 3441 1880 3511 ui·

347 3527 403 3603 hil
429 3554 489 3626 per
513 3527 691 3605 Benedisti
717 3530 1005 3607 constitutionem
1040 3533 1259 3629 derogatur.
1297 3526 1403 3609 Unde
1428 3535 1474 3607 ad
1497 3535 1624 3619 objeu.
1659 3539 1702 3611 in
1743 3538 1882 3629 forma,

334 3627 500 3705 concess.
527 3631 611 3717 maj.
637 3629 713 3705 dist.
741 3632 828 3704 min:
854 3631 940 3706 Non
965 3629 1013 3705 ell
1040 3634 1076 3706 in
1102 3632 1199 3707 dietis
1223 3632 1343 3711 diebus
1368 3637 1424 3709 lex
1459 3629 1645 3729 feriandi,
1677 3642 1776 3715 alios
1811 3645 1883 3716 olli·

347 3753 436 3831 gant
460 3734 641 3807 concedo.
667 3731 754 3808 Non
779 3731 828 3806 est
853 3734 910 3806 lex
935 3729 1001 3808 sure
1026 3734 1078 3820 jus
1103 3736 1363 3830 compellendi,
1389 3738 1478 3812 alios
1500 3737 1702 3835 obligans,
1733 3743 1806 3818 five
1824 3746 1884 3820 aliis

348 3834 561 3927 imminens,
588 3857 703 3932 nego;
730 3859 815 3910 nam
840 3832 944 3909 sclavi
973 3835 1066 3928 alii,
1102 3857 1140 3911 ut
1168 3835 1288 3913 Tucca
1316 3839 1483 3935 compelli
1509 3837 1699 3935 potsunt.
1739 3847 1821 3922 Nee
1842 3850 1882 3921 di·

346 3958 427 4027 cat,
453 3933 652 4036 Principem
678 3938 817 4012 nullum
843 3933 935 4035 polle
960 3939 1129 4034 derogare
1166 3940 1232 4026 juri
1259 3940 1441 4036 gentium.
1480 3936 1565 4015 Hoc
1593 3946 1706 4023 enirn
1734 3949 1789 4025 est
1825 3971 1887 4034 tau·

348 4038 427 4115 tt‘nn
453 4062 575 4114 vetum
623 4043 717 4114 uoad
744 4040 877 4115 alienos
903 4035 1079 4133 subditos,
1104 4037 1232 4116 falsum
1257 4063 1431 4140 quantum
1458 4043 1503 4117 ad
1528 4051 1732 4141 proprios.

452 4139 510 4215 Ad
535 4162 571 4235 7.
598 4066 676 4215 dist.
701 4139 857 4236 propol:
885 4141 919 4217 se
944 4140 1050 4216 habet
1077 4138 1163 4216 licut
1182 4143 1336 4247 uquilibet
1360 4147 1433 4221 dier
1471 4143 1682 4244 prufestus,
1721 4175 1887 4253 quantun

350 4242 396 4319 ed
423 4239 633 4338 potestatem
659 4242 865 4335 laborandi,
903 4246 1062 4319 concedo
1085 4271 1096 4335 3
1131 4246 1249 4343 quoad
1275 4244 1484 4345 potestatem
1511 4256 1810 4351 compellendi,
1838 4284 1886 4331 ne·

348 4366 417 4440 go.
447 4361 483 4413 =
522 4342 575 4418 Ex
600 4369 672 4441 quo
698 4364 795 4442 patet
820 4345 865 4418 ad
891 4342 927 4420 8.
941 4372 955 4435 ;.
985 4368 1071 4418 narn
1107 4348 1219 4423 modo
1255 4345 1413 4447 exposito
1449 4349 1645 4453 privilegio
1683 4360 1886 4436 constitutio

348 4441 525 4521 Benedidli
552 4469 624 4519 non
652 4443 701 4520 est
726 4445 926 4540 contraria,
952 4450 989 4524 dr
1014 4449 1173 4546 quamvis
1198 4447 1280 4528 ellet
1316 4455 1496 4528 contraria
1522 4460 1812 4554 materialiter,
1839 4463 1886 4534 ad·

209 4552 218 4571 '
346 4545 418 4621 huc
442 4542 525 4623 ell'et
543 4548 695 4646 expressa
718 4548 949 4648 derogatione
970 4575 1076 4648 opus.
1105 4571 1142 4623 ’.τ
1181 4549 1237 4625 Ad
1262 4580 1299 4647 9.
1310 4550 1430 4631 Potest
1448 4556 1571 4653 utique
1598 4558 1787 4641 indireele
1810 4589 1885 4641 onus

348 4672 409 4746 per
434 4650 655 4749 privilegium
681 4650 799 4727 induci
824 4671 997 4749 quatenus
1023 4652 1203 4751 privilegio
1241 4654 1380 4732 tollitur
1419 4656 1737 4756 impedimenmm
1763 4667 1884 4765 obliga·
1909 4680 1924 4739 ἰ

517 4815 523 4828 ,
1622 4850 1625 4855 ,
1785 4793 1849 4849 tto·

387 4935 445 5005 (a)
466 4940 584 4998 olvend.
605 4957 628 5001 r.
651 4963 695 4997 n.
714 4961 744 4999 rt.
767 4962 830 5007 ιη.
868 4942 926 5013 (b)
947 4945 1064 5003 Vrllaerr.
1085 4948 1119 5006 P.
1142 4966 1167 5000 ι.
1188 4958 1215 5017 q.
1242 4966 1285 5014 η.
1304 4960 1341 5005 n.¹
1355 4954 1401 5013 ¹7·
1421 4952 1535 5022 Freffe,
1555 4970 1581 5011 c·
1605 4958 1635 5008 Ι.
1656 4975 1693 5015 n.
1707 4980 1761 5016 n.
1780 4957 1882 5022 ,ΛΜ

349 5011 408 5148 zeti.
423 5020 742 5167 ¹13.nd.¹c¹.²⁰rdlie¹.⁴}oo’.
761 5040 789 5077 t·
807 5021 844 5083 P·
862 5022 907 5086 Dr
925 5024 994 5096 nu-
1012 5026 1090 5087 ΡΜ·
1109 5041 1172 5094 cap·
1196 5042 1221 5082 t.
1240 5045 1270 5086 n·
1292 5036 1358 5094 ²96·
1378 5028 1412 5089 P·
1430 5020 1538 5102 Buech-
1558 5030 1660 5104 lam
1680 5036 1720 5097 r’n
1751 5042 1823 5100 Mt.
1845 5034 1897 5149 ll!
