3864 5686
534 327 1209 426 hiostoricic.,i5oo.
1265 339 1374 429 1563.
1604 344 1678 429 ¹⁶9

183 468 315 555 reddat
341 468 397 545 tel
422 466 562 543 irritum
588 471 608 545 a
633 491 786 563 natura,
813 474 867 548 vel
892 491 970 546 tam
996 469 1184 563 indecens,
1210 491 1252 545 ut
1276 465 1475 567 dispensari
1511 476 1558 551 ad
1582 494 1725 551 contra·

175 572 452 657 handumnon
475 573 663 668 expediat,
690 594 729 648 ut
757 576 820 649 viti
848 570 1033 653 doctissimi
1058 594 1269 648 occurrente
1294 570 1377 648 casu
1402 571 1627 662 judicarunt.
1662 574 1728 653 Et·

173 699 331 782 gom.
363 696 420 747 12.
446 667 555 767 Qiod
578 694 618 750 ut
644 672 750 749 refert
775 673 814 748 Ρ.
843 672 973 749 Acosta
1000 680 1100 765 (a),
1126 672 1336 751 Concilium
1373 673 1573 753 Limanum
1594 679 1728 757 ‚decla-

173 776 283 861 ravit
306 796 352 851 ex
376 773 550 850 sententia
575 774 678 851 Pauli
703 775 769 851 IV.
796 778 897 853 irrita
922 777 1156 851 matrimonia
1182 776 1225 852 ab
1261 776 1359 851 Indis
1396 798 1480 853 ante
1514 777 1728 877 baptifinum

173 876 482 959 contristatum
507 874 799 977 consanguineis.
841 898 898 974 13.
924 874 1064 972 Qtodsi
1090 880 1161 953 tale
1197 878 1474 953 matrimonium
1498 878 1583 957 esset
1620 882 1729 957 lna-

173 1003 278 1061 nira
302 978 481 1070 validum,
506 1003 619 1077 neque
644 977 752 1078 posset
770 979 966 1065 ,consilium
990 979 1068 1055 dari
1094 1000 1133 1054 ut
1158 970 1423 1069 dislolvetetur,
1450 1005 1564 1079 neque
1590 981 1726 1082 separa-

178 1084 254 1161 tio
276 1076 371 1170 lieri,
396 1078 535 1153 etiamsi
563 1099 707 1180 uterque
732 1084 836 1157 vellet
860 1083 1014 1170 conjux.
1047 1102 1105 1178 ¹4·
1131 1077 1239 1175 thd
1267 1081 1353 1155 alias
1377 1081 1500 1159 liceret
1524 1085 1638 1161 etiam
1665 1110 1724 1181 pa-

188 1182 248 1259 tri
267 1181 389 1283 ducere
414 1177 547 1257 liliam.
578 1206 635 1278 15.
662 1180 773 1278 thd
798 1183 890 1259 Can.
924 1206 981 1281 ¹5·
1018 1181 1177 1258 Concilii
1215 1181 1445 1260 Arvernensis
1471 1185 1723 1279 declaratur,

196 1280 390 1373 hujusmodi
418 1283 680 1373 conjunaiones
708 1282 774 1360 elle
796 1306 925 1361 contra
951 1288 1068 1382 legem
1093 1284 1252 1365 divinam
1278 1290 1313 1363 bt
1339 1287 1567 1367 naturalem.

901 1494 933 1580 i·
971 1485 1034 1561 iv.

859 1698 1063 1773 dolationes.

299 1897 355 1975 hd
388 1921 421 1970 i.
443 1895 580 1986 object.
609 1894 723 1995 resp,
747 1894 961 1973 Pontificem
993 1894 1188 1979 definivisse
1222 1897 1321 1995 quod
1344 1913 1434 1973 erat.
1461 1915 1599 1973 certum
1629 1900 1671 1977 iu
1695 1896 1731 1971 se

222 2001 356 2096 quamvis
384 1999 615 2096 interroganti
640 1997 808 2074 dubium:
835 2002 967 2097 reliqua
993 1998 1222 2096 disputationi
1251 1999 1404 2074 tacendo
1428 1997 1607 2096 permisit.
1646 1998 1730 2073 lino

224 2123 256 2175 ex
274 2101 434 2199 eoquod
460 2099 718 2199 separationem
746 2103 781 2174 in
809 2104 924 2197 primo
944 2101 1064 2196 gradu
1090 2101 1367 2197 conjugatotiun
1395 2122 1470 2175 non
1506 2101 1732 2201 imperavit,

221 2202 290 2275 duni
312 2201 527 2300 rogabatur,
553 2227 619 2277 nec
643 2200 827 2299 expressit,
853 2200 981 2277 inserte
1019 2204 1101 2278 licet
1125 2204 1220 2299 quod
1247 2201 1501 2299 comprehendi
1534 2203 1651 2277 noluit
1694 2202 1734 2281 in

218 2302 363 2395 decreto,
390 2303 528 2379 namsi
563 2301 754 2394 voluisset,
791 2301 1020 2401 expressisset,
1056 2326 1100 2377 eii
1127 2328 1197 2400 cap.
1223 2304 1281 2376 Ad
1306 2304 1531 2393 cusantiam,
1569 2303 1607 2375 de
1632 2304 1731 2378 Deci·

218 2406 290 2497 tiit,
313 2410 349 2481 ἃ
372 2429 415 2479 ex
442 2429 512 2503 cap.
538 2411 641 2483 Inter.
656 2430 704 2483 .2.
730 2411 783 2481 De
808 2409 944 2479 Transl.
971 2408 1031 2500 Ep.
1056 2404 1229 2480 Similiter
1254 2405 1409 2479 decrevit
1446 2400 1614 2479 Pontifex
1648 2427 1731 2500 cap.

216 2512 261 2581 De
275 2506 476 2598 infidelibus,
499 2514 554 2581 De
580 2504 820 2604 confringam,
845 2531 920 2580 non
945 2501 1012 2582 esse
1039 2504 1249 2600 separandos
1275 2504 1526 2580 contrahentes
1552 2507 1651 2594 juxta
1678 2508 1732 2579 in·

213 2606 319 2683 llituta
343 2609 469 2684 veteris
495 2609 608 2706 legis,
636 2610 722 2705 quin
749 2627 933 2704 propterea
958 2607 1181 2704 intelligatur
1206 2606 1349 2682 decreta
1374 2603 1567 2702 separatio·
1586 2626 1729 2680 contra·

217 2708 359 2784 bmtium
385 2730 514 2784 contra
538 2734 624 2786 eam
649 2712 785 2806 legem.

299 2812 464 2908 Replicat
492 2812 548 2885 lll.
595 2810 730 2901 Arauio
765 2812 859 2908 apxrd
895 2812 955 2885 cit.
997 2808 1197 2885 Avendano
1229 2806 1412 2885 Pontistcis
1445 2807 1627 2893 filontiutn
1656 2832 1733 2906 cap.

222 2912 390 2985 sardanas
417 2909 483 2986 esse
520 2912 775 3009 prohibitionis
806 2913 980 2989 naturalis
1015 2913 1296 2987 declarationem
1329 2911 1448 3008 quoad
1473 2914 1626 3009 primum
1653 2934 1737 3005 gra·

222 3011 305 3106 duni,
333 3016 417 3111 quia
442 3013 541 3099 juxta
570 3015 752 3110 Regulam
775 3011 867 3108 Jutis
892 3015 1128 3108 interrogatus
1163 3013 1208 3087 de
1233 3011 1402 3103 duobus,
1427 3019 1464 3089 dt
1488 3038 1600 3087 unum
1639 3009 1733 3085 affir-

225 3134 300 3188 nins
329 3134 435 3210 atque
465 3114 618 3186 alterum
645 3133 785 3203 tacetis,
811 3116 907 3210 quod
929 3134 1052 3203 tacet,
1084 3134 1212 3208 negare
1248 3113 1387 3185 viderur
1411 3164 1420 3184 .
1445 3112 1516 3187 Sed
1550 3112 1735 3209 responde-t
1824 3124 1835 3139 ⁶

228 3212 426 3304 laudario,
454 3210 665 3287 Pontificem
692 3238 766 3286 non
788 3210 890 3287 ¹fuisse
917 3214 1174 3309 interrogatum
1199 3212 1243 3284 de
1267 3210 1426 3302 duobus,
1451 3210 1510 3287 seu
1544 3212 1590 3285 de
1617 3213 1734 3307 primo

228 3318 335 3407 pedu,
363 3320 400 3393 δι
424 3315 469 3388 de
493 3317 635 3412 reliquis
661 3310 736 3414 poll
763 3317 940 3412 primum,
964 3313 1027 3390 sed
1050 3315 1095 3386 de
1123 3314 1162 3385 iis
1190 3333 1353 3403 tantum,
1379 3337 1465 3387 nain
1502 3315 1736 3408 interrogatio
1821 3318 1825 3323 ’

231 3408 299 3491 luit:
325 3412 449 3489 Utrim
484 3418 613 3512 pagani
638 3437 765 3493 uxores
802 3418 1011 3512 accipientes
1037 3417 1074 3488 iii
1111 3410 1285 3504 secundo,
1311 3415 1441 3505 tertio,
1480 3417 1534 3489 vel
1567 3415 1734 3489 ulteriore

214 3520 315 3609 pitu
339 3516 401 3591 sibi
429 3519 652 3609 conjunssas,
678 3518 737 3592 sic-
753 3518 928 3606 conjuncti
955 3516 1106 3590 debeant
1133 3513 1209 3612 poll
1234 3513 1500 3603 conversionem
1520 3512 1627 3591 suam
1654 3511 1734 3591 insi·

234 3621 286 3691 nitl
311 3643 493 3695 remanete
520 3621 573 3692 vel
603 3616 801 3696 adinvicem
815 3702 819 3707 ,
821 3618 995 3717 fiparari.
1285 3694 1289 3701 ,
1591 3672 1594 3677 .

308 3720 441 3797 Textus
469 3723 506 3792 in
532 3745 608 3816 cap.
636 3723 815 3811 Litteras,
850 3720 1018 3818 quidquid
1057 3711 1180 3793 Glossa
1215 3720 1334 3810 uelit,
1370 3716 1481 3816 potest
1516 3719 1665 3815 intelligi
1691 3717 1736 3790 de

233 3813 324 3897 lisina
350 3824 426 3919 lege
451 3822 633 3912 naturali,
662 3842 764 3920 prout
793 3822 813 3894 a
839 3820 985 3918 positi-va
1012 3818 1254 3912 distinguitur.
1292 3818 1369 3893 Nec
1394 3820 1492 3892 dicas
1513 3817 1622 3892 hosce
1660 3841 1738 3911 gra·

233 3913 297 4011 du,
319 3921 345 3997 si
371 3924 526 4021 primurn
553 3923 703 4019 excipias
730 3920 930 3997 transversae
955 3922 1082 4011 linea,
1118 3944 1193 3992 tion
1228 3915 1296 3991 esse
1319 3920 1437 4013 plures
1447 3969 1469 4009 „.
1497 3916 1615 3991 Plures
1636 3918 1739 3992 enim

234 4011 293 4095 luit
313 4047 462 4100 munero
487 4021 659 4099 distintis:
687 4027 801 4119 plures
826 4024 937 4097 etiam
964 4019 1045 4094 sunt
1070 4020 1198 4113 gradus
1224 4019 1332 4114 patris
1359 4018 1404 4091 ad
1430 4012 1575 4108 filiam,
1612 4022 1649 4094 dt
1672 4013 1738 4089 filii

238 4116 457 4216 ²lmattem,
485 4127 520 4198 in
546 4125 669 4222 quibus
697 4126 815 4220 aliqua
841 4120 1039 4197 differentia
1079 4119 1260 4217 plusquam
1296 4119 1477 4192 numerica
1500 4118 1593 4194 solet
1631 4141 1739 4215 agno-

237 4212 289 4310 sti,
306 4250 342 4301 ut
367 4230 487 4301 minor
514 4224 556 4298 sit
584 4227 808 4316 indecentia,
835 4244 975 4320 patrem
1002 4247 1085 4297 cuni
1109 4218 1206 4311 filia,
1232 4245 1342 4318 quam
1366 4244 1450 4297 cum
1474 4240 1592 4295 matre
1623 4218 1738 4293 filittm

173 4400 175 4405 ,
236 4327 443 4402 contrahere.
471 4326 651 4423 Distingui
677 4330 789 4401 etiam
818 4325 929 4423 potest
954 4322 1243 4418 consanguinitas
1268 4346 1351 4395 cum
1387 4319 1570 4418 illegitime
1608 4322 1739 4411 natis,

243 4438 299 4511 luz
318 4432 424 4505 etiam
451 4430 585 4505 dirimit
610 4449 746 4503 natutae
772 4430 856 4523 lege<
875 4427 1014 4501 divina.
1043 4420 1264 4499 Glossatoris
1296 4421 1531 4515 sententiam,
1570 4423 1665 4513 cuitu
1688 4420 1739 4495 est

238 4508 362 4607 letitici
389 4533 574 4607 citationis
600 4530 788 4622 additum,
827 4555 901 4603 non
938 4553 1025 4602 curo
1047 4525 1215 4602 Concilio
1240 4524 1468 4613 Tridentino¹
1493 4525 1739 4599 contradicen-

239 4631 267 4687 ‘0
285 4625 369 4719 (ὓς
394 4635 435 4706 Si
459 4632 533 4729 puis
559 4632 776 4707 dixerit....
804 4655 867 4704 ricc
895 4628 987 4727 polle
1012 4622 1204 4702 Ecclesiam
1231 4625 1268 4697 in
1292 4627 1475 4699 nonnullis
1511 4622 1738 4723 (gradibus,

238 4719 290 4809 ‘lul
309 4728 340 4802 in
360 4734 526 4810 Levitico
551 4734 795 4829 exprimuntur
817 4737 833 4822 )
859 4728 1074 4828 dispensate,
1112 4728 1288 4800 anathema
1303 4729 1355 4810 stt
1377 4781 1386 4797 .
1410 4726 1608 4801 Zacharias
1639 4722 1738 4823 Papa

1594 4828 1684 4899 reste

235 4944 390 4981 “N—-

271 5044 304 5111 iil
319 5060 426 5130 dinsa,
447 5065 490 5121 De
510 5068 579 5121 mat.
600 5066 638 5119 N.
657 5062 713 5129 0..
733 5068 770 5118 tr
785 5059 821 5118 de
841 5061 919 5119 Prot·
938 5057 1002 5119 ins.
1016 5056 1074 5128 sal·
1089 5055 1143 5119 lib.
1154 5066 1183 5113 6.
1200 5074 1281 5207 aaYt.
1319 5054 1363 5125 (b)
1384 5049 1417 5110 T
1417 5051 1539 5124 taaseff·
1552 5071 1598 5117 τι·
1612 5067 1675 5111 can·
1686 5070 1713 5115 3·
