3856 5678
216 294 300 376 280
658 288 1238 369 Onutnarronus
1325 309 1376 335 ··

266 439 325 514 Ad
352 458 385 511 1.
411 455 455 506 ex
480 431 668 506 contrariis
691 425 969 506 fundamentum
992 426 1213 528 respondeo,
1241 430 1499 512 authoritatem
1534 433 1713 527 obiestatn

160 541 348 616 nouorum
372 557 447 613 non
470 530 538 607 esse
562 551 724 625 tantam,
751 551 792 608 ut
816 556 891 609 non
914 533 1065 610 elidatur
1090 556 1151 634 per
1175 531 1420 631 oppositam,
1455 561 1564 637 quam
1601 561 1705 615 com·

161 643 279 719 munis
302 640 423 737 regula
446 631 656 710 confirmat.
681 630 731 710 Et
753 657 799 711 ex
824 633 1031 712 authoribus
1063 637 1124 733 qui
1158 636 1252 735 apud
1276 635 1407 714 Suarez
1442 641 1710 731 nominantur,

162 746 191 820 ii
215 765 302 842 quos
327 741 444 816 videre
469 738 592 831 licuit,
618 759 761 811 remex
787 734 938 833 professo
962 761 1037 814 nou
1063 737 1237 813 tradant.
1263 737 1424 817 Didacus
1448 737 1554 816 Perez
1574 746 1593 829 <
1605 742 1712 827 a)in

160 843 328 943 eoquod
353 838 470 915 scribit
494 838 539 912 de
563 837 649 930 suo,
674 836 787 934 potest
812 839 961 937 intelligi
985 840 1031 914 de
1055 839 1345 938 interpretatione
1379 842 1549 943 privilegii
1589 843 1711 917 decla*

161 947 306 1038 rativa,
330 966 406 1018 non
430 941 475 1015 de
498 937 675 1014 extenfiva
705 943 759 1015 vel
783 939 828 1013 de
852 938 1028 1017 extensive
1049 941 1220 1039 quidem,
1246 938 1306 1016 sed
1330 967 1439 1042 quarn
1465 938 1713 1025 ucurneces·

159 1045 293 1123 sariam
318 1041 511 1121 absurditas
536 1041 693 1139 alioquin
720 1039 904 1118 secutura·
940 1041 1122 1117 Navarrus
1156 1042 1314 1140 loquitur
1349 1046 1394 1121 de
1429 1042 1637 1121 extensione
1662 1042 1721 1121 ad'

162 1149 374 1224 correlativa
398 1141 691 1242 (b),·quatenus
715 1142 791 1216 haec
818 1145 854 1217 in
878 1142 977 1219 sensu
1001 1145 1106 1244 legis,
1127 1141 1309 1221 sin'minus
1334 1147 1372 1220 in
1396 1146 1516 1221 littera
1540 1169 1708 1243 eompre-

160 1249 403 1327 henduntur:
434 1268 514 1346 quae
545 1241 704 1322 extensio
737 1243 907 1322 coincidit
943 1268 1027 1327 eum
1073 1247 1365 1346 interpretatione
1410 1269 1496 1345 pure
1545 1247 1704 1325 declara·

134 1350 257 1429 tiva.

262 1454 324 1532 Ad
350 1479 385 1532 ι.
410 1450 478 1532 Per
502 1454 604 1532 illam
626 1453 907 1532 declarationem
930 1479 1005 1532 non
1030 1455 1235 1533 conceditur
1260 1452 1419 1531 absoluta
1453 1451 1698 1541 communica.

161 1559 218 1635 tio
240 1561 278 1635 dr
303 1555 510 1649 indefinita3
535 1555 595 1634 scd
629 1560 717 1633 tales
751 1580 792 1632 ut
825 1556 959 1656 pollent
996 1556 1148 1658 religiofi
1170 1558 1382 1647 societatis,
1419 1560 1487 1634 dte.
1512 1554 1597 1631 Sint
1619 1551 1699 1629 stne

161 1656 322 1736 concessa
348 1659 529 1758 privilegia
554 1660 687 1735 intuitu
712 1662 768 1734 vel
792 1660 1015 1736 &savorem
1039 1657 1211 1735 Indorum
1237 1660 1293 1732 tel
1318 1657 1529 1746 Indiarum,·
1555 1652 1697 1732 sednon

158 1759 227 1837 nifi
251 1786 334 1837 cum
358 1785 400 1838 ea
424 1760 642 1837 limitatione
665 1764 702 1840 dr
725 1761 836 1838 modo
857 1762 912 1849 lin
931 1762 1024 1837 dista
1060 1759 1310 1838 constitutione
1412 1757 1505 1834 reffis
1528 1745 1699 1833 :concessa

159 1862 262 1939 sunt.
288 1858 396 1958 Qrod
419 1886 486 1956 ea,
512 1884 588 1961 quae
613 1864 704 1960 parti
731 1865 994 1955 concedentur,
1018 1862 1087 1936 dici
1112 1860 1240 1958 polhnt
1266 1883 1356 1938 conc
1404 1885 1424 1935 a
1452 1859 1551 1951 toti,
1579 1880 1701 1934 verum

157 1963 210 2041 est
235 1965 399 2058 exemplo
423 1962 684 2038 conceffionnm
708 1959 882 2039 saetamm
907 1989 939 2038 v.
965 1985 1000 2059 g.
1026 1961 1199 2060 magistris
1235 1963 1379 2052 alicujus
1416 1959 1603 2051 Ordinis,
1640 1976 1701 2035 aut

160 2063 426 2162 Superiortbus,
454 2082 517 2138 aut
541 2062 917 2162 Ex-prorincialibus.
955 2064 1054 2138 Sicut
1091 2081 1214 2139 tamen
1237 2087 1312 2138 non
1339 2059 1437 2137 illics>
1461 2062 1546 2136 licet
1573 2062 1700 2145 talium

155 2161 377 2242 ‚facultatum
401 2161 481 2239 usus
505 2165 668 2239 omnibus
694 2165 731 2238 in
758 2165 821 2240 tali
847 2162 987 2240 Ordine
1012 2160 1360 2262 proseffis,quamvis
1386 2158 1575 2239 totiusstnt
1599 2186 1699 2259 pam

158 2266 213 2342 ita
238 2290 350 2366 neque
375 2264 496 2341 licebit
520 2264 684 2340 omnibus
709 2264 884 2365 utriusque
910 2263 1022 2341 Indiae
1046 2266 1173 2343 incolis
1197 2267 1252 2343 uti
1276 2263 1443 2347 conceffis
1467 2263 1556 2353 uni,
1583 2284 1700 2362 neqtte

157 2368 221 2443 uni
247 2369 338 2465 parti
364 2365 483 2442 licebit
506 2367 561 2441 uti
586 2365 753 2442 concessu
779 2367 903 2443 alteri.
1439 2418 1460 2443 .,
1690 2418 1697 2445 .

261 2465 432 2542 Praeterea
457 2464 739 2566 distinguendum
765 2466 814 2543 est
838 2465 1024 2558 subjeslunt
1048 2466 1278 2545 concessionis
1303 2467 1325 2542 l
1349 2467 1497 2558 subieelo
1515 2464 1701 2545 exectttio·

240 2566 913 2747 tttttrrnrttlrtt
934 2567 1710 2748 ‘exsecrarentur‘

155 2746 385 2868 Portugalliae
408 2771 540 2846 dicitur
574 2723 755 2864 bomedi,
790 2792 831 2848 ut
854 2772 1051 2848 sacerdotes
1075 2774 1119 2849 ab
1140 2699 1188 2849 ho
1219 2771 1315 2851 miffi
1342 2695 1531 2849 absolversl
1544 2692 1697 2869 polhnetg:

154 2877 224 2951 &n
251 2871 312 2949 De
337 2873 665 2950 communicatione
689 2870 934 2970 religiosomm
958 2875 1112 2950 aliorum
1136 2873 1318 2952 Ordinum
1336 2875 1449 2952 modo
1472 2896 1552 2948 non
1570 2869 1695 2949 estser-

152 2998 243 3067 mo,
268 2972 327 3050 sed
351 2975 396 3048 de
419 2975 746 3050 communicatione
771 2973 977 3051 indiarum.
1056 2994 1060 3001 '

258 3076 317 3151 Ad
347 3096 382 3173 3.
407 3074 657 3175 Privilegium,
684 3075 772 3151 dum
795 3077 923 3152 eadem
947 3078 1003 3153 vel
1029 3076 1150 3154 fimitis
1174 3079 1269 3154 ratio
1294 3076 1414 3170 favet,
1450 3073 1595 3152 extendi
1632 3096 1692 3174 po·

154 3174 241 3269 test,
267 3181 304 3254 dt
326 3177 580 3253 convenienter
603 3179 803 3253 extenditur
829 3178 1048 3256 authoritate
1072 3178 1235 3279 publica,
1259 3203 1334 3256 non
1359 3179 1545 3254 voluntate
1582 3175 1716 3275 priva·-

155 3298 216 3370 ta,
241 3278 380 3354 etiamst
405 3276 608 3378 qualificata
634 3277 677 3352 stt
701 3277 828 3355 causa.
854 3280 1019 3374 Scilicet,
1046 3280 1222 3356 conceffio
1247 3281 1439 3379 privilegii,
1465 3276 1626 3355 maxime
1664 3272 1697 3351 h

151 3375 218 3455 fiat
242 3406 316 3454 nou
344 3401 486 3457 tantum
512 3399 656 3473 prater,
681 3377 739 3454 sed
765 3401 892 3457 contra
916 3381 970 3471 jus
995 3406 1209 3473 commune,
1234 3380 1379 3458 causam
1403 3381 1574 3480 requirit,
1599 3377 1700 3455 utli-

151 3478 247 3573 cite,
271 3479 398 3554 saltem
423 3501 463 3554 ut
488 3504 563 3554 non
589 3480 830 3576 imprudenter
854 3479 939 3557 fiat.
965 3479 1102 3581 Quodsi
1127 3483 1254 3558 deinde
1265 3480 1364 3558 casus
1390 3484 1481 3557 alter
1498 3500 1690 3570 occurrat,

152 3585 189 3658 dt
213 3579 317 3677 causa
342 3577 464 3655 similis
489 3583 543 3656 vel
568 3579 694 3655 eadent
719 3582 936 3658 concedendi
963 3639 975 3676 ,
1000 3586 1160 3661 licita&
1185 3585 1332 3682 prudens
1369 3585 1438 3659 erit
1477 3579 1690 3674 concessio,

150 3679 240 3757 sada
270 3697 390 3757 tamen
415 3683 437 3756 a
461 3679 670 3780 potestatem
696 3681 870 3779 habente,
896 3709 970 3761 non
996 3686 1017 3759 h
1041 3684 1206 3776 subdito,
1231 3686 1289 3760 cui
1318 3704 1459 3760 tantum
1485 3683 1537 3760 est
1555 3683 1681 3781 reliqua

150 3780 415 3880 supplicationis
439 3783 517 3858 via.
544 3781 592 3858 Et
618 3782 689 3858 hoc
713 3781 828 3861 solum
854 3784 966 3883 potest
992 3811 1075 3861 cunr
1100 3783 1335 3863 fundamento
1361 3786 1484 3884 colligi
1519 3809 1566 3862 ex
1599 3783 1682 3875 obje-

149 3886 206 3959 dlo
233 3904 353 3959 textu.
392 3883 440 3961 Et
478 3886 658 3960 communi
697 3888 797 3981 praxi
833 3884 1016 3977 firmatur;
1042 3913 1130 3963 narn
1155 3899 1260 3962 caula
1295 3892 1422 3962 eadem
1448 3888 1504 3962 vel
1541 3884 1677 3983 fimilis,

148 3989 261 4062 etiam
287 3988 366 4083 pia,
392 3989 563 4083 reperitur
597 3987 635 4061 in
668 3985 862 4063 Ordinibus
895 3990 1049 4081 cunetis,
1075 3991 1117 4064 iis
1151 3985 1277 4064 saltem
1302 4014 1454 4087 quorum
1489 3984 1675 4063 ministeria

149 4085 232 4162 sunt
256 4089 406 4189 eadem,
431 4093 467 4162 ὅ(
493 4106 617 4162 tamen
639 4090 756 4161 nullus
783 4087 849 4163 nist
875 4091 1018 4165 aliunde
1044 4090 1676 4188 privilegiorumcommunicationent

148 4185 280 4265 habeat
293 4240 305 4278 ,
331 4188 469 4263 licitum
494 4184 556 4262 stbi
581 4184 648 4263 effe
673 4186 850 4285 presumit
874 4191 976 4267 usum
1003 4192 1174 4292 privilegii
1198 4214 1296 4273 certo
1329 4191 1462 4271 Ordini
1496 4186 1673 4271 coucesh·

1538 4797 1640 4881 CR..

1555 4929 1678 4956 .-

146 5134 153 5153 .
184 5037 236 5104 (ἃ)
255 5040 367 5109 Petet.
386 5044 419 5102 s!
438 5045 502 5114 sde-
522 5043 662 5103 Ordim
682 5064 709 5115 q.
733 5066 759 5101 e.
778 5047 884 5117 Proto.
925 5045 981 5116 (b)
999 5052 1129 5108 Navem
1147 5065 1211 5118 rep.
1233 5068 1281 5104 n.
1301 5051 1406 5109 sumn.
1424 5062 1565 5116 retemt-
