3864 5686
250 341 323 424 ma
671 320 1252 402 Onuruarrours

154 510 157 514 .
381 464 390 484 ·
594 463 602 479 ·
918 470 920 475 ’
1362 465 1378 518 a
1704 497 1723 528 ³

192 461 549 642 lopdrtllliniis
568 461 851 655 hffhhh
866 463 1350 665 {Tihsssisss‘iffl
1363 460 1570 640 shall
1590 489 1722 643 tlh.

192 689 259 764 por
283 686 409 772 cuenta
436 692 458 760 y
484 661 639 765 psndola
666 663 795 743 sacado
819 692 865 742 en
892 669 1039 766 limpio,
1066 690 1133 766 que
1158 692 1198 741 os
1221 669 1293 742 han
1317 687 1459 743 muerto
1484 669 1537 742 los
1562 665 1728 764 Espatio-

192 768 240 840 les
266 790 311 842 en
339 764 467 842 treinta
492 795 515 863 y
540 768 633 844 ocho
658 768 683 842 ὸ
709 790 880 866 quarenta
906 795 1017 846 annos
1041 793 1120 844 mas
1143 768 1187 844 de
1211 770 1300 844 doce
1325 791 1471 844 cuentos
1495 767 1725 857 injustamen-

189 887 248 961 te,
274 867 452 945 haciendo
476 864 617 961 rdcuas,
642 871 827 968 alguilando
851 925 863 962 ,
889 876 976 948 &cz
1002 892 1042 947 ut
1069 892 1256 968 appareat,
1281 870 1392 946 etiam
1418 896 1501 945 cum
1527 871 1721 945 demillio-

189 971 292 1045 nibus
318 973 456 1068 agitur,
482 996 545 1069 pro
570 973 697 1047 eodem
722 973 802 1046 duci
828 973 1039 1064 duodecim,
1064 975 1291 1070 quindecim,
1317 977 1353 1048 dc
1379 972 1523 1069 viginti.
1615 1056 1619 1062 ¹

293 1068 479 1168 Qranrum
505 1075 645 1148 extollit
671 1071 911 1169 Hispanorum
936 1073 1202 1165 crudelitatem,
1232 1092 1373 1148 tantum
1398 1072 1555 1149 detrahit
1586 1072 1632 1147 de
1658 1083 1728 1146 no·

191 1193 230 1251 ta
256 1173 428 1250 Indorum
454 1173 631 1266 barbarie,
657 1179 692 1250 ἃ
719 1177 920 1272 aliquorum
955 1175 1247 1250 inhumanitate.
1274 1172 1398 1248 Causrs
1424 1172 1725 1249 Indosdebe'llam

191 1278 229 1351 di
254 1293 545 1352 annumeraverat
569 1274 763 1372 Sepulveda
788 1277 1021 1351 innocentum
1046 1275 1194 1350 salutem
1219 1276 1278 1349 seu
1302 1276 1526 1366 libertatem,
1562 1275 1607 1348 de
1644 1276 1724 1374 qui·

188 1377 253 1454 hus
279 1380 371 1453 intra
399 1375 584 1452 Mexicum
609 1374 855 1451 transertos
881 1402 939 1474 pet
964 1376 1114 1474 srngulos
1139 1400 1250 1450 annos
1278 1373 1378 1450 idolis
1404 1375 1449 1451 ad
1476 1377 1601 1473 viginti
1638 1375 1723 1451 rnil-

191 1481 278 1572 lia,
315 1480 488 1553 memoria
515 1479 694 1573 proditum
720 1474 788 1551 ell.
815 1478 1018 1575 Respondet
1043 1475 1233 1575 Episcopus
1260 1477 1358 1566 (b):
1395 1474 1468 1562 Ello
1503 1502 1539 1550 es
1575 1502 1641 1549 voz
1677 1476 1725 1552 de

191 1601 337 1678 tyranos
361 1605 426 1677 por
450 1575 612 1654 escusasse
721 1575 805 1652 Mas
829 1579 905 1653 han
929 1576 1134 1654 sacrificado
1169 1583 1224 1653 los
1259 1576 1450 1673 Esparioles
1487 1603 1508 1652 a
1544 1575 1585 1652 su
1620 1577 1723 1652 diosa

191 1684 253 1770 (la
276 1682 440 1770 codicia)
465 1705 510 1754 en
535 1680 624 1754 cada
650 1705 700 1754 un
726 1685 800 1753 ario
824 1704 892 1777 que
916 1678 1031 1755 ellaba
1057 1705 1103 1754 en
1129 1680 1216 1767 cada
1243 1680 1447 1776 provincia,
1473 1703 1540 1776 que
1570 1703 1615 1753 en
1646 1680 1728 1753 cien

195 1788 283 1858 arios
308 1785 361 1856 los
388 1781 510 1856 Indios
536 1805 580 1854 cn
609 1781 709 1855 rodas
734 1782 788 1854 las
812 1779 933 1854 Indias
960 1835 968 1854 .
995 1779 1079 1857 Esto
1105 1782 1159 1854 los
1183 1782 1289 1855 cielos
1315 1805 1337 1872 y
1363 1781 1398 1854 la
1428 1781 1556 1871 tierra,
1585 1779 1620 1854 la
1644 1780 1726 1855 tier-

191 1908 232 1960 ra
257 1909 281 1978 y
306 1884 359 1957 los
384 1884 577 1958 elementor
603 1884 640 1956 lo
666 1879 839 1974 testificari.
867 1881 914 1956 Et
942 1884 979 1956 in
1003 1884 1161 1982 Apologia
1187 1881 1311 1956 multis
1335 1883 1354 1954 a
1382 1901 1461 1955 toto
1487 1883 1542 1955 vel
1567 1883 1586 1954 a
1615 1901 1723 1955 tanto

187 1983 352 2061 excusare
376 1986 501 2059 nititur
536 1984 798 2059 idololatricam
837 1982 989 2057 humani
1014 1982 1189 2078 sanguinis
1215 1980 1420 2058 effusronem
1446 1981 1543 2056 ludis
1579 1980 1733 2056 consue«

192 2105 268 2160 tam
296 2138 306 2158 .
331 2085 401 2160 Sed
426 2085 518 2182 quod
546 2086 596 2160 ait
620 2087 663 2157 de
689 2107 775 2158 voce
801 2103 1036 2176 tyrannorum
1063 2082 1320 2176 inconsrderatd
1360 2083 1602 2180 pronuntiavit
1628 2136 1637 2154 .
1666 2081 1727 2158 Ill.

187 2183 412 2282 Zumarraga
438 2210 582 2260 morum
606 2183 787 2262 sandlitate
812 2184 949 2274 clarus,
969 2184 1223 2259 ‘zelanrrffimus
1249 2183 1368 2258 salutis
1394 2182 1567 2258 ludorum
1606 2188 1642 2260 dr
1679 2186 1723 2258 li-

189 2288 334 2370 bertatis
360 2289 556 2385 protestor,
582 2288 641 2384 qui
677 2284 798 2383 primis
823 2285 869 2360 ab
892 2288 1153 2384 expugnatione
1193 2288 1292 2360 annis
1319 2284 1505 2360 Mcxicum
1536 2282 1723 2376 lustravit,

188 2392 227 2466 dr
252 2390 347 2477 cujus
372 2386 507 2486 scriptis
531 2386 753 2462 documentis
778 2383 927 2483 profecit
953 2387 1022 2485 ipse
1046 2385 1178 2478 Casas,
1204 2389 1242 2461 in
1267 2386 1413 2462 Litteris
1439 2383 1485 2460 ad
1509 2383 1727 2482 Capitulum

189 2489 367 2566 Generale
392 2487 537 2563 Ordinis
562 2487 742 2586 Seraphici
770 2485 862 2561 datis
897 2511 952 2562 12.
980 2486 1060 2582 Jun.
1091 2511 1200 2586 1531.
1230 2489 1250 2560 a
1279 2487 1336 2561 Fr.
1363 2489 1528 2561 Antonio
1551 2486 1656 2562 Daza
1674 2491 1732 2576 (c)

190 2589 404 2689 transcriptis
430 2591 465 2664 id
491 2587 671 2680 affirmat,
710 2587 757 2663 ibi
794 2594 893 2663 Coma
929 2593 1193 2686 antiquamente
1235 2585 1527 2664 acoslumbrassen
1565 2613 1610 2662 en
1649 2586 1729 2662 ella

188 2691 319 2768 ciudad
345 2691 389 2764 de
415 2689 561 2766 Mexico
599 2688 745 2765 offrecer
778 2712 823 2762 eu
849 2688 1020 2765 sacrificio
1053 2690 1074 2763 d
1109 2689 1165 2766 sus
1188 2690 1299 2764 dioses
1328 2691 1414 2764 cada
1450 2694 1525 2762 ario
1562 2714 1642 2763 mas
1679 2690 1730 2766 de

191 2791 387 2865 veintomil
421 2815 611 2866 corazones
647 2790 692 2864 de
726 2789 966 2884 ruancebosy
1003 2792 1160 2865 doncellas
1175 2804 1190 2882 ‘,
1226 2796 1292 2867 &c
1318 2789 1366 2866 Et
1401 2788 1458 2862 Fr.
1484 2787 1640 2883 Joarmes
1681 2792 1734 2867 de

193 2891 445 2991 Torquemada
473 2893 547 2982 (d)
573 2891 722 2965 eximius
748 2891 859 2967 etiam
886 2892 995 2965 viueae
1020 2894 1214 2967 mexicanae
1239 2893 1375 2967 cultor:
1401 2896 1452 2962 dn
1475 2885 1735 2966 Maxicosacrr·

191 2990 331 3070 ficaban
355 2994 444 3067 cada
472 2999 546 3069 ario
571 3017 636 3090 por
677 3013 804 3066 cuenta
840 2992 1033 3066 veluto-mil
1066 2994 1203 3068 nirios.
1243 2993 1278 3068 A
1316 2990 1444 3066 Acosta
1483 2989 1648 3065 diciendo
1691 2993 1734 3067 lo

193 3093 374 3169 contrario
399 3089 540 3186 cugatid
565 3118 637 3169 una
663 3093 818 3167 relacion
843 3119 900 3188 que
926 3095 986 3168 ui.
1013 3092 1196 3195 Ntunquid
1235 3115 1467 3189 tyrannorum
1506 3117 1608 3169 uoces
1646 3091 1732 3168 suut

191 3195 269 3289 he,
293 3216 334 3271 ut
358 3195 379 3269 a
403 3192 438 3268 se
463 3197 605 3295 culpam
632 3198 849 3270 amoveant?

295 3294 442 3372 Constet
467 3321 555 3397 ergo
601 3300 672 3373 uod
697 3295 826 3372 Bernal
853 3293 949 3370 Diaz
973 3296 1029 3372 del
1053 3295 1228 3389 Callillo,
1254 3299 1313 3394 qui
1347 3294 1459 3393 prope
1488 3293 1587 3371 rebus
1624 3293 1737 3369 inter-

191 3393 282 3488 suit,
309 3421 382 3470 non
408 3395 513 3472 semel
539 3425 559 3472 a
601 3417 695 3471 rmat
720 3395 933 3494 Episcopum
958 3401 1070 3474 multa
1082 3393 1402 3495 exaggerasse.Ell
1415 3396 1507 3494 apud
1528 3394 1568 3470 P.
1582 3393 1731 3472 Echard

192 3494 241 3570 0.
269 3494 309 3571 P.
338 3500 408 3584 (e)
433 3500 492 3596 qui
519 3496 729 3587 crediderit,
757 3497 910 3593 aliquem
923 3497 1058 3595 hispani
1084 3500 1247 3576 nominis
1276 3496 1415 3574 osorem
1432 3495 1493 3572 sub
1519 3500 1599 3579 velo
1617 3491 1736 3571 Chia·

104 3651 105 3654 ,
191 3593 303 3696 pensu
328 3595 454 3692 iugiter
478 3598 672 3673 mentitum
697 3593 787 3671 etse.
815 3592 925 3692 Quod
950 3596 1044 3674 sortd
1070 3625 1191 3676 venun
1224 3599 1336 3676 habet
1362 3601 1409 3672 de
1434 3623 1509 3674 uno
1535 3601 1590 3673 vel
1619 3600 1735 3674 altero

189 3694 320 3793 scripto
355 3695 447 3772 illius
485 3723 619 3773 nomen
654 3695 894 3796 preferente.
932 3696 1038 3775 Plura
1067 3719 1190 3776 tamen
1218 3699 1299 3776 sunt
1338 3700 1491 3790 ejusdem
1529 3699 1735 3798 argumenti

192 3796 383 3895 opuscula,
408 3825 560 3896 quorum
585 3799 716 3875 author
740 3797 790 3874 est
817 3798 1054 3893 indubitatus,
1096 3803 1288 3902 dequibus
1324 3801 1374 3878 D.
1406 3802 1578 3877 Nicolaus
1614 3799 1731 3876 Anto·

188 3898 268 3974 nius
295 3893 363 3993 (s)
391 3897 599 3981 solidissimi
625 3901 757 3978 criterii
781 3901 856 3993 vir,
881 3901 1039 3978 modeste
1065 3906 1101 3980 dr
1126 3903 1207 3979 verd
1230 3902 1443 3981 sententiam
1479 3900 1580 3978 sert:
1615 3906 1733 3981 Excu-

186 4000 263 4098 sari
286 4002 399 4078 multa
427 3999 521 4096 posse
546 4003 595 4078 rei
624 4001 856 4093 necessitate,
884 4022 988 4101 atque
1012 4007 1086 4092 jure
1111 4003 1193 4080 belli
1220 4005 1264 4081 ab
1289 4002 1457 4103 Hispanis
1491 4001 1585 4102 gesta
1609 4057 1622 4096 ,
1648 4003 1726 4102 qui-

188 4103 251 4178 bus
277 4103 494 4178 crudelitatis
531 4123 671 4179 reatum
688 4160 705 4194 ,
744 4127 847 4204 atque
884 4107 1112 4180 enormitatis
1151 4105 1435 4182 Bartholomaeus
1469 4105 1591 4183 tribuit
1613 4157 1644 4196 ,⁴
1664 4124 1728 4183 aut

185 4223 401 4298 exaggerata
441 4206 513 4277 alia
542 4205 579 4276 in
614 4208 784 4295 malum,
819 4203 942 4303 quibus
966 4231 1040 4278 non
1075 4205 1146 4302 ipse
1172 4205 1358 4300 interfuit,
1394 4205 1507 4280 srmile
1538 4205 1726 4295 veracli.

189 4298 354 4398 Qrantus
381 4298 487 4376 fuerit
514 4303 550 4376 in
576 4305 820 4402 exaggerando
846 4302 944 4399 supra
972 4330 1094 4381 verum
1121 4305 1282 4406 &supra
1311 4304 1507 4382 verosrmile
1542 4307 1725 4406 Chiapeu·

189 4401 262 4494 srs,
290 4403 407 4498 palam
434 4399 475 4478 ht
502 4424 624 4502 preter
649 4403 713 4481 hlc
739 4406 881 4482 &alibi
908 4407 1022 4499 dieta,
1050 4411 1211 4507 exemplo
1235 4408 1331 4506 quod
1357 4404 1491 4498 refert,
1519 4414 1556 4488 dt
1593 4411 1727 4486 temere

189 4501 434 4601 Hispanorum
460 4505 642 4582 communi
669 4509 757 4584 vitio
784 4507 905 4584 tribuit
928 4507 1143 4587 Charleroix
1170 4511 1206 4586 in
1231 4508 1391 4588 Historia
1419 4507 1547 4587 lnsulae.
1576 4511 1615 4587 S.
1643 4512 1725 4590 Do·

208 4779 1282 4808 ———-—*---m
1285 4789 1725 4813 ——————

185 4910 188 4917 ⁴
227 4882 283 4953 (a)
304 4881 403 4949 caica.
416 4878 518 4940 TraH.
524 4881 608 4949 lupar
622 4887 810 4945 &Romaim
829 4889 899 4945 Rea.
912 4909 935 4950 ς.
1019 4885 1078 4956 (d)
1090 4887 1240 4957 Tora-lib·
1258 4911 1284 4953 7·
1300 4893 1381 4950 Mon.
1392 4890 1535 4956 lnacapa
1544 4912 1568 4948 r.
1591 4893 1630 4966 (e)
1648 4894 1732 4959 Stri-

230 4960 287 5030 (h)
307 4960 448 5027 Chiapa'n
468 4956 517 5018 cit·
539 4961 618 5026 llepl.
640 4962 681 5018 ad
704 4964 934 5031 turbaremu-
978 4980 1019 5024 τον
1036 4965 1070 5022 O·
1092 4967 1125 5023 P·
1145 4966 1231 5025 Verba
1249 4967 1346 5026 Barth.
1366 4967 1400 5024 de
1418 4967 1457 5025 las
1475 4968 1578 5035 Casas,

228 5039 287 5108 (C)
304 5041 413 5109 Dum,
433 5038 465 5095 P·
488 5057 514 5102 ⁴·
534 5035 675 5098 Chromso
697 5060 724 5097 2·
744 5058 805 5106 Cap·
828 5063 876 5108 sse
1018 5039 1074 5110 (f)
1092 5040 1165 5102 Bsbs·
1183 5047 1258 5108 Ndv·
1275 5045 1352 5117 ὅγ’·
1372 5045 1460 5110 Verba
1477 5047 1592 5116 emme
