3856 5678
248 310 328 399 ¹552
520 262 552 319 '³
674 284 1250 391 obvinit-tortis

261 438 342 525 (ιι)
368 428 464 505 intra
501 424 683 505 adoniam
719 426 758 510 sb*
791 420 1098 532 qiiadiiigeliniam.
1136 416 1240 507 [oco
1275 418 1386 506 citato
1412 412 1597 538 coblmdit
1625 430 1731 510 'Mar-

208 559 315 634 quez,
341 550 415 608 iio'n
440 528 599 608 obstante
624 532 769 610 decreto
793 533 908 611 Sacrae
940 531 1236 633 Congregationis
1264 546 1325 609 20.
1360 530 1475 609 Mart.
1510 543 1645 630 ¹70⁶·i
1673 550 1730 633 po

209 634 308 712 tuisse
335 632 355 707 d
381 631 481 708 sociis
507 634 544 707 in
570 635 719 733 vigiliis,
745 632 840 711 seriis
865 654 1019 735 quatuor
1055 654 1288 733 temporum,
1321 636 1612 734 &rogationum
1650 638 1729 712 reci·

209 737 278 813 tari
303 736 348 811 de
372 734 433 811 88.
460 733 609 834 Ignacio
632 741 669 815 di
692 736 870 830 Xaterio‚
895 739 978 836 quia
1003 732 1171 813 Clemens
1194 734 1263 814 XI.
1302 758 1368 813 nec
1393 737 1481 811 vidit
1506 761 1574 813 nec
1607 739 1728 815 annuit

163 870 168 879 ·
206 834 312 913 fimili
335 838 500 913 decreto.
528 835 610 914 I‘mo
635 841 720 915 vive
744 838 840 913 iocis
864 839 1012 914 oraculo
1035 834 1250 928 declarasse,
1274 835 1309 912 se
1334 828 1426 912 nihil
1450 836 1577 913 rescire
1602 839 1726 915 dede·

208 956 308 1017 creto
336 940 400 1015 illo
421 994 433 1032 ,
454 964 521 1014 nec
544 942 636 1015 velle
661 941 875 1039 religionum
925 941 1083 1039 rivilegia
1110 941 1292 1015 minuere.
1318 938 1462 1015 Pasiam
1474 938 1560 1014 verb
1585 938 1656 1014 esse
1676 941 1728 1016 de·

112 1056 119 1069 '
206 1041 439 1119 clarationeiii
463 1036 503 1116 Ρ.
530 1039 706 1117 Michaeli
730 1042 870 1141 Angelo
932 1040 1106 1117 amburini
1143 1036 1332 1139 Praepofito
1351 1040 1537 1116 'Generali
1570 1040 1724 1117 Societa-

208 1144 277 1236 tit,
313 1162 353 1219 ut
390 1140 459 1239 ipse
497 1141 671 1219 testatur.
709 1138 771 1221 Ob
806 1143 956 1219 eandem
980 1142 1267 1234 rationem-ait,
1292 1165 1353 1217 eos
1377 1142 1510 1240 quibus,
1538 1140 1724 1216 Generalis

207 1240 497 1320 communicasset
522 1246 741 1342 privilegium
776 1246 949 1321 recitandi
987 1243 1094 1321 semel
1119 1245 1157 1319 iii
1182 1241 1406 1320 hebdomada
1442 1245 1488 1318 de
1516 1242 1581 1318 SS.
1610 1236 1726 1319 Sacra·

206 1366 333 1424 mento
357 1351 394 1425 bc
416 1349 462 1423 de
487 1345 726 1422 Immaculata
761 1344 1031 1445 Conceptione,
1068 1346 1306 1445 inquantum
1342 1342 1473 1444 posset,
1513 1342 1666 1440 potuisse
1687 1346 1727 1422 de

206 1448 390 1547 privilegio
414 1449 565 1525 recitare
589 1450 683 1525 intra
711 1449 905 1524 adventum
932 1448 1044 1524 etiam
1069 1451 1105 1523 bi
1129 1444 1458 1545 quadragefimam,
1493 1442 1588 1520 sicut
1617 1447 1726 1546 Augu-

207 1546 349 1626 stiniani
374 1553 411 1627 di
434 1547 868 1644 Carmelitani-recitant,
895 1548 1100 1647 constatque
1124 1572 1169 1623 ex
1192 1547 1385 1624 diresloriis
1420 1549 1553 1626 Romae
1594 1550 1648 1622 im
1669 1547 1726 1625 res-

206 1647 272 1743 fis,
299 1656 335 1729 bt
360 1647 466 1727 fimili
490 1650 732 1727 declaratione
766 1650 964 1733 Clementis
991 1651 1036 1725 ad
1069 1648 1351 1726 carmelitarum
1376 1648 1601 1727 Generalem
1640 1574 1724 1745 lose·

206 1752 318 1850 pirum
344 1752 365 1827 ὲ
390 1752 518 1829 Sinda
543 1750 738 1831 Theresia.
765 1751 959 1851 Hucusque
984 1748 1177 1929 Margum.

308 1852 380 1930 Sed
403 1854 500 1953 quod
533 1846 663 1930 attinet
688 1854 736 1931 ad
771 1853 1035 1931 attestationem
1101 1851 1379 1945 .Tamburini,
1414 1849 1624 1953 oppositum
1657 1851 1729 1931 sut·-

80 2050 84 2055 ,
202 1958 291 2035 dent
317 1953 471 2045 ejusdem
495 1957 621 2033 littcrd
647 1956 693 2032 ad
718 1952 977 2033 Provincialcm
1002 1960 1039 2034 di
1061 1950 1293 2030 visitatorem
1318 1950 1513 2029 Provinciae
1552 1952 1726 2055 Parag'ua·

186 5044 229 5105 ut
253 5027 292 5103 iii
316 5027 414 5107 idem
439 5025 630 5126 collegium
655 5026 802 5105 admitti
826 5023 954 5125 possint
980 5024 1145 5124 Eiiropoei
1171 5025 1320 5125 propriis
1342 5026 1551 5124 sumptibus
1591 5026 1714 5115 atem,

202 2061 266 2135 riae
289 2055 330 2134 P.
358 2058 560 2134 Antonium
583 2056 738 2158 Gatriga
763 2062 878 2151 datae,
904 2082 1054 2157 quarum
1088 2052 1330 2155 fragmentum
1365 2055 1444 2132 eli:
1471 2060 1608 2155 Repiro
1626 2112 1639 2150 ,
1659 2081 1726 2156 qne

203 2159 240 2237 se
265 2157 418 2236 estienda
444 2159 479 2237 el
503 2160 685 2260 privilegio
712 2163 747 2233 al
772 2162 939 2237 adviento
964 2186 986 2255 y
1012 2155 1219 2258 quaresma,
1244 2180 1327 2257 puer
1352 2181 1494 2255 aurique
1523 2161 1548 2233 d
1580 2158 1649 2234 eslo
1671 2184 1722 2233 no

201 2261 288 2339 haia
314 2258 454 2338 saltado
479 2259 721 2359 probabilidad
747 2286 811 2360 por
837 2263 872 2336 la
899 2260 1212 2337 communicacion
1236 2262 1282 2335 de
1309 2278 1407 2336 otras
1443 2260 1653 2357 religiones,
1676 2285 1722 2337 en

203 2365 257 2440 las
280 2361 415 2447 format
441 2363 603 2462 antigiiai
627 2362 672 2437 dc
694 2360 765 2440 este
788 2361 933 2455 officio,
968 2362 1013 2437 de
1038 2361 1156 2435 donde
1180 2360 1214 2436 se
1240 2363 1370 2460 copiari
1403 2358 1495 2437 elias
1531 2365 1726 2438 communi·

203 2467 365 2543 cationes
387 2461 459 2542 esis
483 2490 506 2561 y
532 2462 680 2563 siempre
705 2462 741 2538 se
765 2464 812 2543 ha
839 2462 990 2564 copiado
1014 2462 1050 2537 la
1075 2467 1278 2565 exceptiva,
1313 2464 1427 2537 Extra
1455 2478 1571 2537 rameii
1607 2466 1726 2541 advea-

203 2584 278 2645 tiun
301 2564 341 2648 θ
365 2564 674 2667 quadragefimaiti.
709 2562 780 2644 Ubi
805 2566 1006 2642 notandum
1042 2561 1115 2658 est,
1153 2563 1439 2664 probabilitatem
1466 2567 1563 2641 illius
1600 2568 1725 2644 intelli·

201 2670 352 2769 gentite,
376 2667 485 2789 ends,
511 2670 567 2787 vel
590 2664 805 2744 extensionis
831 2669 999 2769 privilegii
1026 2667 1070 2789 ad
1094 2666 1399 2790 quadragesimam
1425 2671 1462 2749 dc
1497 2669 1724 2766 aduentum,

198 2767 665 2959 dissaisiti?
684 2768 1207 2959 sli”2¹li,l›‘t¹iltllt¹{‘l¹l
1228 2768 1724 2973 lilbbiillplsac

163 2984 173 2997 ⁸
199 2976 282 3051 litas
307 2975 379 3073 peti
403 2977 704 3077 valuit„quiiido
728 2976 764 3054 S.
785 2974 1082 3074 congregationis
1105 2972 1296 3066 resolutio,
1320 2976 1366 3051 de
1389 3001 1461 3074 qua
1489 3000 1597 3067 mox,
1634 3002 1722 3052 non-

198 3077 375 3155 dumerat
402 3097 516 3175 nota,
539 3083 665 3175 &tam
688 3078 893 3156 solemniter
917 3076 1125 3153 denuntiata
1149 3101 1189 3154 ut
1217 3077 1329 3154 modb
1353 3076 1426 3154 est.
1452 3076 1534 3155 Nec
1555 3078 1723 3155 ridebitur

198 3176 308 3256 fidem
333 3176 491 3279 superare
505 3181 619 3280 ,quod
644 3180 799 3281 potuerit
825 3178 980 3257 inNoto
1000 3173 1099 3255 Orbe
1123 3180 1145 3257 b
1169 3178 1396 3257 missionatiis
1417 3181 1581 3279 ignorari
1593 3237 1606 3275 ,
1632 3179 1660 3256 si
1682 3179 1723 3259 eli

198 3276 363 3359 credibile
388 3284 484 3381 quod
509 3282 678 3358 Summus
696 3278 861 3359 Pontifex
887 3282 1018 3360 Rome
1042 3280 1133 3359 nihil
1158 3283 1203 3359 de
1230 3284 1294 3360 tali
1321 3282 1468 3359 decreto
1493 3280 1700 3369 rescivisset.

300 3383 410 3461 Sacra
436 3384 591 3461 Rittium
615 3382 858 3485 Congregatio
894 3408 954 3483 ao.
980 3382 1092 3461 Mart.
1123 3392 1233 3479 1706.
1268 3383 1410 3463 resolvit
1441 3408 1477 3462 i.
1508 3384 1614 3465 Cum
1639 3388 1718 3463 mul·

197 3488 244 3565 tis
266 3484 643 3583 Congregationibus,
680 3484 947 3585 Religionibus,
983 3484 1148 3564 Ecclesiis
1180 3491 1235 3565 vel
1272 3486 1491 3564 Nationibus
1527 3488 1717 3567 concellum

196 3586 244 3666 sit
269 3588 291 3664 d
315 3586 406 3662 Sede
432 3585 674 3685 apostolica,
710 3607 752 3669 tit
776 3587 883 3665 semel
904 3590 963 3665 -vel
989 3590 1117 3689 pluries
1152 3590 1192 3666 in
1217 3587 1361 3689 singulis
1392 3588 1641 3673 hebdomadis
1669 3589 1716 3669 tel

196 3686 373 3767 mensibus
405 3688 621 3767 celebrentur
658 3693 755 3767 varia
781 3686 899 3765 officia
935 3713 996 3787 per
1022 3714 1158 3767 annum
1182 3745 1195 3786 ,
1221 3716 1296 3769 non
1320 3694 1425 3768 liocre
1449 3717 1494 3769 ea
1524 3690 1656 3772 'facere
1686 3695 1718 3769 in

193 3786 317 3868 diebus
341 3788 636 3892 quadragesimae,
661 3792 854 3885 adventui,
880 3791 1105 3890 vigiliarum,
1130 3798 1166 3872 u
1190 3813 1344 3893 quatuor
1369 3814 1617 3893 temporum.
1642 3850 1655 3872 .
1678 3845 1717 3870 ..

193 3912 235 3992 3.
274 3892 467 3994 Regtilares
492 3918 536 3971 ex
570 3892 645 3971 sola
671 3896 999 3979 communicatione
1034 3896 1302 3995 privilegiorum
1335 3920 1410 3970 non
1437 3894 1540 3995 posse
1577 3898 1716 3975 recitate

193 3992 313 4073 bsficia
339 4018 360 4068 c
384 3993 497 4072 ncesse
524 3996 603 4073 aliis
628 3994 875 4093 religionibus.
901 3994 948 4073 Et
974 3995 1029 4083 hie
1053 3994 1282 4075 'resolutiones
1307 4023 1381 4071 non
1413 3994 1540 4074 solum
1576 3996 1717 4101 praescri·

95 4184 100 4193 Ι
218 4092 318 4173 tlsP
377 4098 442 4173 eei
467 4102 504 4175 dt
527 4098 715 4187 secretarii
749 4094 933 4201 signaturis
957 4100 1104 4175 munitae
1141 4095 1243 4192 sunt,
1279 4096 1340 4174 sed
1366 4097 1571 4191 cujuslibet·
1595 4100 1716 4177 Clerici

191 4124 375 4277 breviario
399 4196 535 4301 insertae
560 4200 599 4272 in
625 4194 805 4299 presentia
823 4200 1051 4307 divulgata..
1080 4196 1174 4298 Qio
1200 4198 1327 4281 cessare
1350 4202 1425 4293 iani
1448 4200 1563 4285 debet
1603 4203 1717 4305 quaeiit

193 4298 232 4377 ln
257 4288 711 4427 oppositiii'ii'probebilittac
734 4296 899 4381 diulus.
948 4384 953 4397 ,
989 4356 1001 4403 .·
1084 4352 1089 4363 ·
1514 4380 1519 4393 ,
1723 4372 1727 4383 .

567 4462 1073 4589 oiniuario
1131 4506 1352 4591 oxiixiii.

424 4642 432 4657 ·
735 4608 846 4687 Antio
873 4630 982 4735 1733.
1009 4632 1046 4710 7.
1072 4610 1159 4712 Apr.

186 4800 670 5001 APprobatur'simdatio
685 4802 778 4899 Coit
840 4796 998 4940 gationis
1022 4800 1082 4896 seii
1099 4792 1260 4918 'collidi
1287 4792 1460 4941 ΡιιιιίΙίω
1476 4792 1578 4921 “lesu
1596 4798 1718 4903 Clitilb'
1764 4746 1766 4781 Ι

304 4943 405 5002 extra
429 4942 563 5002 muroi-
578 4942 736 5001 ciritarit
817 4924 1009 5021 apolitana
1032 4937 1099 5020 pro
1122 4923 1314 4999 educandis
1336 4924 1430 5001 Sinti
1457 4926 1498 5003 bt
1527 4925 1657 5025 ludis,
1677 4944 1715 4999 itt

1639 5153 1678 5209 tlt
