3864 5686
338 300 404 421 “3⁸
901 310 1258 390 aanrr

355 560 460 643 Dani
484 550 634 658 quidam
658 547 792 644 dubus
825 551 975 632 navibus
1012 448 1256 634 i¹n66ll3udsonie
1281 552 1397 639 fimnn
1433 558 1593 661 ingrerfi,
1627 558 1717 638 dum
1740 560 1787 640 de
1811 561 1854 642 fi-

111 723 114 743 r
225 691 229 753 j
302 665 420 768 genda
444 662 525 741 sede
551 658 598 736 ad
622 658 897 759 septentrionem
923 658 1113 758 cogitant,
1136 658 1273 737 flumen
1293 660 1532 766 prospiciunt,
1557 665 1653 768 quod
1677 669 1853 746 Danaum

304 769 507 871 appellant.
533 763 646 842 Anno
670 757 876 860 insequente
899 759 1020 840 solum
1042 781 1254 842 mutarunt.

268 1002 274 1017 ·
325 946 396 1053 ¹P.
421 967 752 1052 carotnnlbanet
777 965 861 1062 ΕΙ.
884 973 921 1048 &
945 877 1204 1067 Dbsspfius
1229 997 1250 1048 a
1275 970 1473 1050 S-Simone
1496 973 1609 1052 nobili
1645 995 1752 1077 gente
1777 974 1851 1055 Ca·

301 1104 348 1156 na
363 1076 477 1155 densn
512 1105 534 1153 a
561 1073 677 1152 Nova
692 1072 851 1148 francia
876 1071 1126 1151 Gubernatore
1153 1073 1201 1151 ars
1220 1073 1519 1176 septentrionales
1542 1082 1662 1182 plagas
1687 1080 1780 1158 missi
1805 1082 1858 1158 ad

301 1181 491 1259 Hudsonin
511 1178 620 1278 usque
653 1174 769 1251 smum
794 1174 853 1252 vis
879 1178 1016 1255 nemini
1042 1197 1129 1256 ante
1152 1178 1246 1258 notl
1268 1200 1480 1280 penetrant,
1518 1184 1619 1262 adita
1645 1183 1858 1287 posseffione

300 1286 411 1386 Regis
435 1279 720 1363 Christianiffimi
746 1279 917 1358 nomine.

360 1491 401 1568 Ρ.
428 1488 553 1566 Petrus
579 1487 788 1586 Marquette
820 1485 952 1565 Gallus
974 1488 1012 1566 S.
1033 1392 1211 1586 WB
1235 1486 1346 1587 Jotiet
1377 1488 1598 1570 Canadensrs
1623 1490 1853 1593 Miffisrpium

306 1600 520 1696 explorant.
542 1590 626 1670 Huc
652 1613 713 1668 eos
738 1589 901 1688 perduxit
926 1591 1062 1669 flumen
1086 1588 1318 1693 miscam,
1352 1597 1452 1695 quod
1477 1621 1499 1674 a
1521 1593 1679 1677 carrada
1710 1593 1856 1674 descen·

303 1699 384 1778 dit.
408 1696 679 1776 Descenderunt
707 1708 829 1772 autem
854 1693 929 1812 ipsr
944 1699 992 1774 ad
1016 1692 1178 1771 Aliansas
1202 1695 1332 1799 usque.

322 1922 325 1927 ·
662 1943 704 1962 -·
730 1898 910 1996 Guyana.
937 1807 1275 2003 Longl63qlm5aelat.
1308 1903 1381 1981 bor.
1407 1925 1449 2006 5..
1468 1947 1508 1967 ··

338 2004 428 2087 ΡΙ).
456 2003 647 2083 Griiletiua
671 2007 708 2083 ὃ(
731 2000 926 2080 Bccharnel
963 2003 1108 2103 Jesuitae
1131 2003 1232 2082 Galli
1269 2007 1308 2083 in
1331 2007 1528 2106 Guyanam
1553 2006 1602 2085 ad
1625 2006 1854 2088 occidentem

302 2106 647 2310 gaiggrltrsssterlae,
675 2131 749 2206 quo
773 2108 875 2186 nulla
900 2106 1161 2209 Europaeorum
1186 2107 1331 2211 vestigia
1356 2112 1557 2208 dunchant,
1583 2131 1770 2213 penetrant
1796 2112 1859 2189 lo·

353 2415 560 2518 Cyprianus
577 2412 721 2493 Baraza
743 2412 878 2514 Jesuita
904 2321 1150 2516 Hispafflin
1173 2350 1373 2498 Mororum
1398 2437 1511 2498 terrae
1536 2422 1709 2498 interro.
1742 2421 1860 2518 3115.

302 2521 369 2599 lat.
396 2520 500 2598 austr.
528 2521 681 2618 gradtun
707 2515 791 2598 siras
817 2520 1016 2620 ingreditur
1040 2544 1061 2596 e
1086 2519 1260 2600 Peruvio:
1285 2550 1359 2625 quo
1394 2525 1579 2624 praeiuerat
1602 2521 1761 2616 ejusdem
1786 2521 1861 2599 so·

302 2625 448 2701 cientis
468 2621 578 2702 frater
601 2625 752 2701 nomine
776 2623 935 2713 Catillo.
958 2623 1106 2703 Barazae
1117 2651 1196 2804 pro
1222 2643 1323 2704 certo
1348 2627 1570 2705 affirmatum
1594 2626 1643 2705 esl
1655 2682 1667 2721 ,
1693 2627 1741 2703 ad
1766 2621 1856 2700 Mo·

302 2747 443 2805 xorum
467 2728 644 2804 orientem
670 2747 781 2804 terras
807 2729 964 2803 incolere
986 2727 1117 2804 bellico
1133 2732 1369 2806 asmulieres:
1396 2729 1467 2827 ipse
1492 2754 1576 2806 vero
1601 2730 1640 2803 in
1663 2727 1859 2805 Bahunnn

302 2831 488 2927 regionem
515 2831 637 2926 venit,
662 2831 720 2906 ubi
750 2856 771 2907 a
798 2830 955 2907 barbarie
971 2830 1111 2909 occisus·
1131 2829 1181 2908 est
1206 2831 1285 2932 post
1306 2833 1425 2908 multa
1450 2831 1489 2906 in
1515 2829 1618 2908 vallis
1638 2831 1716 2906 illis.
1733 2829 1855 2927 regio·-

303 2931 408 3009 uibua
429 2931 624 3011 constituta
647 2933 857 3014 missionum
880 2931 1060 3034 prasidia.

1019 3042 1067 3112 16
1094 3041 1130 3114 6.

352 3137 512 3240 Joannee
535 3139 644 3221 vood
668 3145 706 3222 ὃ(
730 3140 947 3220 Guilielnuu
972 3058 1120 3218 frevler
1146 3135 1281 3237 Angli,
1308 3137 1434 3217 duslor
1457 3132 1603 3238 quisque
1635 3133 1706 3214 suae
1732 3132 1858 3229 navi's,

302 3246 452 3344 experiri
479 3247 607 3324 uolunt
631 3246 828 3323 indicatam
844 3269 875 3322 ‘a
902 3245 1094 3322 Barentaio
1119 3244 1216 3317 uiam
1242 3242 1289 3316 ad
1315 3242 1447 3331 Sinas;
1469 3241 1530 3314 sed
1552 3240 1696 3314 detenti
1721 3236 1803 3312 sunt
1830 3259 1856 3314 a

302 3348 405 3443 gelu.
432 3347 520 3422 Haec
544 3346 645 3442 super
670 3347 829 3420 affirmat
852 3347 961 3418 Vood
995 3347 1038 3418 in
1059 3342 1320 3442 Ephemeride,
1357 3345 1452 3418 inter
1476 3340 1622 3416 Novam
1657 3338 1856 3415 Zemblrtnt¹

159 3451 163 3459 ’
302 3452 340 3524 &
365 3446 657 3524 Gro'e‘nlandiam
682 3444 863 3534 trajectum
888 3440 956 3520 esse
982 3447 1146 3542 nullurn,
1184 3470 1251 3522 nec
1274 3470 1334 3521 eas
1361 3464 1471 3521 terras
1495 3442 1608 3537 duas,
1642 3438 1701 3515 sed
1737 3463 1857 3518 unam

302 3543 370 3623 eise
394 3550 659 3624 continentem.
685 3545 881 3626 Enimvero
906 3547 934 3626 st
958 3552 1142 3647 peresum,
1178 3550 1254 3640 ait,
1279 3548 1364 3622 illac
1390 3542 1474 3622 esset
1498 3545 1566 3621 iter
1576 3600 1599 3638 ‚‚
1624 3541 1761 3620 fluenta
1785 3565 1849 3618 ex·

303 3651 500 3748 periremur
533 3651 593 3729 ubi
627 3650 743 3728 solum
767 3650 817 3728 est
852 3652 965 3731 maris
987 3653 1092 3732 astus
1122 3651 1174 3729 al
1194 3651 1275 3727 osln
1310 3645 1385 3727 sere
1408 3647 1519 3749 peden
1551 3646 1771 3725 ascendentia
1798 3645 1851 3721 ab,

305 3751 421 3829 austra
445 3775 573 3853 quarta
599 3754 870 3834 adorientem.
1072 3856 1095 3936 8

1022 3867 1070 3936 16
1098 3884 1134 3935 o.

355 3957 537 4038 Robertus
560 3958 727 4038 Cavelier
751 3960 918 4042 Sallenfie
943 3963 1109 4040 dominus
1134 3956 1155 4035 ὲ
1180 3950 1624 4059 Rhotdrnago..Decanum
1649 3951 1854 4031 Canaden·

240 4133 250 4148 ,
305 4058 381 4141 lem
404 4064 545 4163 expedit
571 4090 655 4141 cum
680 4062 720 4140 Ρ.
733 4062 922 4145 Ludovico
946 4064 1137 4165 Henequiir
1162 4060 1400 4138 Franciscano
1425 4059 1536 4160 Belga
1562 4085 1583 4136 e
1608 4057 1854 4135 Recolleslio·

206 4173 209 4179 ’
244 4170 250 4193 ²
306 4187 375 4260 oe,
401 4186 442 4241 ut
467 4166 696 4266 Missrspium
721 4174 924 4248 accuratius
946 4171 1158 4268 explorentr
1188 4163 1238 4240 Et
1263 4166 1411 4264 quidem>
1433 4163 1573 4241 volebat
1597 4158 1787 4253 sarnensis,
1813 4181 1857 4236 ut

309 4269 356 4355 ad
381 4263 524 4344 sontem
547 4268 653 4370 nsque
679 4269 909 4352 ascenderent
935 4325 947 4362 ‚
973 4265 1114 4348 cursum
1149 4267 1193 4345 ab
1227 4265 1319 4344 ostio
1354 4264 1500 4344 Illinesti
1537 4267 1654 4342 amnis
1688 4284 1855 4364 repeten-

200 4456 203 4461 Δ
307 4388 380 4448 tes.
408 4369 567 4449 Conarui
593 4395 738 4452 eventus
763 4400 839 4453 non
862 4372 1064 4473 respondit,
1094 4372 1140 4447 ad
1166 4369 1225 4446 sex
1250 4374 1357 4448 enim.
1375 4368 1478 4469 supra
1506 4368 1744 4472 quadraginta
1772 4390 1854 4462 gra-

283 4474 373 4577 Ndus
399 4496 483 4549 cum
507 4476 701 4570 venissent,
727 4476 864 4556 obstitit
891 4478 1002 4554 torius
1027 4473 1185 4551 fluminis
1199 4472 1497 4550 intransmeabilis
1511 4475 1715 4563 catarasla,
1741 4493 1856 4564 quarn

309 4576 431 4755 'iffi‘
468 4580 506 4655 le
541 4580 807 4674 retrocedunt,
843 4576 1011 4679 impofito
1045 4577 1233 4656 cataraslae
1266 4577 1416 4654 nomine
1442 4579 1560 4657 Saltus
1585 4583 1623 4652 S.
1645 4570 1787 4650 Antonii
1812 4571 1852 4644 de

308 4684 339 4755 Ρ
404 4706 448 4754 a.
1031 4684 1034 4689 ⁴

359 4780 500 4861 Eodem
527 4806 627 4860 anno
651 4808 694 4860 ac
720 4784 758 4860 in
784 4783 942 4889 sequenti
967 4786 1082 4886 Sharp
1107 4782 1312 4860 Hullandus
1337 4783 1585 4877 naviculator,
1610 4803 1695 4856 cunr
1721 4772 1851 4852 srustrn

309 4885 474 4965 tentasset
501 4884 688 4965 transtrum
714 4889 760 4964 ad
785 4917 885 4967 mare
920 4888 1116 4968 Pacificum
1151 4911 1214 4989 per
1250 4883 1384 4966 fretum
1407 4887 1651 4987 Magallanie,
1688 4904 1730 4956 ac
1755 4878 1857 4954 Mai-

309 5011 436 5083 reum,
462 5013 504 5062 ac
530 4989 682 5089 denique
709 5018 771 5091 per
806 4993 978 5072 Brouveri
1005 4992 1212 5086 tenesmum,
1229 5058 1232 5064 .
1248 4992 1390 5071 aditum
1413 5014 1568 5092 quaerere
1593 4986 1749 5064 decrevit
1786 5007 1850 5081 per

308 5089 391 5170 lota
415 5089 533 5173 auslro
556 5100 800 5198 proximiora,
835 5124 880 5179 ac
914 5098 1003 5179 illue
1034 5122 1141 5201 prora
1175 5115 1313 5183 retorta
1346 5093 1478 5183 insulas
1501 5095 1679 5177 dumtaxat
1717 5087 1862 5263 inlvenit

368 5256 372 5263 .
1729 5216 1752 5291 g
1768 5215 1816 5266 au
