<?xml version="1.0" encoding="UTF-8"?>
<!DOCTYPE html PUBLIC "-//W3C//DTD XHTML 1.0 Transitional//EN"
    "http://www.w3.org/TR/xhtml1/DTD/xhtml1-transitional.dtd">
<html xmlns="http://www.w3.org/1999/xhtml" xml:lang="en" lang="en">
 <head>
  <title>
</title>
<meta http-equiv="Content-Type" content="text/html;charset=utf-8" />
  <meta name='ocr-system' content='tesseract 3.04.00' />
  <meta name='ocr-capabilities' content='ocr_page ocr_carea ocr_par ocr_line ocrx_word'/>
</head>
<body>
  <div class='ocr_page' id='page_1' title='image "./fastinoviorbise00moregoog_0124.png"; bbox 0 0 3864 5686; ppageno 0'>
   <div class='ocr_carea' id='block_1_1' title="bbox 548 347 1681 451">
    <p class='ocr_par' dir='ltr' id='par_1_1' title="bbox 548 347 1681 451">
     <span class='ocr_line' id='line_1_1' title="bbox 548 347 1681 451; baseline 0.007 -29"><span class='ocrx_word' id='word_1_1' title='bbox 548 347 1052 432; x_wconf 70' lang='lat' dir='ltr'>Atosrottcae.</span> <span class='ocrx_word' id='word_1_2' title='bbox 1110 373 1220 451; x_wconf 86' lang='lat' dir='ltr'>r5oo.</span> <span class='ocrx_word' id='word_1_3' title='bbox 1275 355 1381 449; x_wconf 82' lang='lat'><em>1563.</em></span> <span class='ocrx_word' id='word_1_4' title='bbox 1613 373 1681 451; x_wconf 89' lang='lat'>¹¹3</span> 
     </span>
    </p>
   </div>
   <div class='ocr_carea' id='block_1_2' title="bbox 201 482 1733 590">
    <p class='ocr_par' dir='ltr' id='par_1_2' title="bbox 201 482 1733 590">
     <span class='ocr_line' id='line_1_2' title="bbox 201 482 1733 590; baseline 0.008 -32"><span class='ocrx_word' id='word_1_5' title='bbox 201 482 376 577; x_wconf 80' lang='lat' dir='ltr'>sentiant,</span> <span class='ocrx_word' id='word_1_6' title='bbox 403 489 484 576; x_wconf 90' lang='lat' dir='ltr'>(rr)</span> <span class='ocrx_word' id='word_1_7' title='bbox 512 484 571 564; x_wconf 90' lang='lat' dir='ltr'>Ita</span> <span class='ocrx_word' id='word_1_8' title='bbox 594 488 634 562; x_wconf 90' lang='lat' dir='ltr'>P.</span> <span class='ocrx_word' id='word_1_9' title='bbox 661 490 719 565; x_wconf 86' lang='lat' dir='ltr'>Cl.</span> <span class='ocrx_word' id='word_1_10' title='bbox 746 491 936 585; x_wconf 84' lang='lat' dir='ltr'><strong>Clemens,</strong></span> <span class='ocrx_word' id='word_1_11' title='bbox 963 501 999 570; x_wconf 73' lang='lat' dir='ltr'>di</span> <span class='ocrx_word' id='word_1_12' title='bbox 1024 492 1082 568; x_wconf 89' lang='lat' dir='ltr'>Fr.</span> <span class='ocrx_word' id='word_1_13' title='bbox 1108 491 1264 589; x_wconf 87' lang='lat' dir='ltr'>Joannes</span> <span class='ocrx_word' id='word_1_14' title='bbox 1289 488 1447 590; x_wconf 84' lang='lat' dir='ltr'>Baptista</span> <span class='ocrx_word' id='word_1_15' title='bbox 1474 515 1558 570; x_wconf 88' lang='lat' dir='ltr'>corn</span> <span class='ocrx_word' id='word_1_16' title='bbox 1592 491 1733 570; x_wconf 84' lang='lat' dir='ltr'>Losada</span> 
     </span>
    </p>
   </div>
   <div class='ocr_carea' id='block_1_3' title="bbox 205 587 1738 794">
    <p class='ocr_par' dir='ltr' id='par_1_3' title="bbox 205 587 1738 794">
     <span class='ocr_line' id='line_1_3' title="bbox 205 587 1738 684; baseline 0.01 -25"><span class='ocrx_word' id='word_1_17' title='bbox 205 588 277 659; x_wconf 85' lang='lat' dir='ltr'>ioc.</span> <span class='ocrx_word' id='word_1_18' title='bbox 313 588 376 660; x_wconf 86' lang='lat' dir='ltr'>cit.</span> <span class='ocrx_word' id='word_1_19' title='bbox 418 587 624 684; x_wconf 86' lang='lat' dir='ltr'>testantur,</span> <span class='ocrx_word' id='word_1_20' title='bbox 671 613 791 668; x_wconf 79' lang='lat' dir='ltr'>extare</span> <span class='ocrx_word' id='word_1_21' title='bbox 836 593 1144 673; x_wconf 77' lang='lat' dir='ltr'>constitutionem</span> <span class='ocrx_word' id='word_1_22' title='bbox 1193 595 1439 670; x_wconf 78' lang='lat' dir='ltr'>authenticam</span> <span class='ocrx_word' id='word_1_23' title='bbox 1475 594 1516 672; x_wconf 90' lang='lat' dir='ltr'>in</span> <span class='ocrx_word' id='word_1_24' title='bbox 1559 614 1738 675; x_wconf 83' lang='lat' dir='ltr'>conventu</span> 
     </span>
     <span class='ocr_line' id='line_1_4' title="bbox 205 684 1135 794; baseline 0.008 -33"><span class='ocrx_word' id='word_1_25' title='bbox 205 684 403 763; x_wconf 76' lang='lat' dir='ltr'>bsexicano</span> <span class='ocrx_word' id='word_1_26' title='bbox 429 689 466 767; x_wconf 86' lang='lat' dir='ltr'>S.</span> <span class='ocrx_word' id='word_1_27' title='bbox 492 689 690 769; x_wconf 78' lang='lat' dir='ltr'>francisci.</span> <span class='ocrx_word' id='word_1_28' title='bbox 715 694 846 794; x_wconf 89' lang='lat' dir='ltr'>Incipit</span> <span class='ocrx_word' id='word_1_29' title='bbox 870 697 1000 774; x_wconf 76' lang='lat' dir='ltr'>Diledio</span> <span class='ocrx_word' id='word_1_30' title='bbox 1024 698 1135 773; x_wconf 80' lang='lat' dir='ltr'>Filio.</span> 
     </span>
    </p>
   </div>
   <div class='ocr_carea' id='block_1_4' title="bbox 625 899 1300 979">
    <p class='ocr_par' dir='ltr' id='par_1_4' title="bbox 625 899 1300 979">
     <span class='ocr_line' id='line_1_5' title="bbox 625 899 1300 979; baseline -0.001 -6"><span class='ocrx_word' id='word_1_31' title='bbox 625 899 1300 979; x_wconf 82' lang='lat' dir='ltr'><em>ADNOTATIONES.</em></span> 
     </span>
    </p>
   </div>
   <div class='ocr_carea' id='block_1_5' title="bbox 198 1064 1735 1709">
    <p class='ocr_par' dir='ltr' id='par_1_5' title="bbox 198 1064 1735 1709">
     <span class='ocr_line' id='line_1_6' title="bbox 248 1064 1733 1202; baseline 0.005 -32"><span class='ocrx_word' id='word_1_32' title='bbox 248 1099 316 1184; x_wconf 84' lang='lat'>(1)</span> <span class='ocrx_word' id='word_1_33' title='bbox 342 1099 373 1170; x_wconf 86' lang='lat' dir='ltr'><em>C</em></span> <span class='ocrx_word' id='word_1_34' title='bbox 372 1099 590 1188; x_wconf 79' lang='lat' dir='ltr'>infirmavit.</span> <span class='ocrx_word' id='word_1_35' title='bbox 615 1098 857 1178; x_wconf 82' lang='lat' dir='ltr'>Confirmatio</span> <span class='ocrx_word' id='word_1_36' title='bbox 891 1104 1022 1180; x_wconf 88' lang='lat' dir='ltr'>eisdem</span> <span class='ocrx_word' id='word_1_37' title='bbox 1047 1100 1156 1178; x_wconf 86' lang='lat' dir='ltr'>subest</span> <span class='ocrx_word' id='word_1_38' title='bbox 1180 1100 1442 1202; x_wconf 83' lang='lat' dir='ltr'>exceptionibus</span> <span class='ocrx_word' id='word_1_39' title='bbox 1476 1064 1584 1202; x_wconf 80' lang='lat' dir='ltr'>atque</span> <span class='ocrx_word' id='word_1_40' title='bbox 1617 1104 1733 1202; x_wconf 82' lang='lat' dir='ltr'>prima</span> 
     </span>
     <span class='ocr_line' id='line_1_7' title="bbox 200 1195 1730 1304; baseline 0.004 -32"><span class='ocrx_word' id='word_1_41' title='bbox 200 1195 378 1272; x_wconf 74' lang='lat' dir='ltr'>concessio</span> <span class='ocrx_word' id='word_1_42' title='bbox 404 1253 413 1270; x_wconf 93' lang='lat'><strong>.</strong></span> <span class='ocrx_word' id='word_1_43' title='bbox 449 1197 554 1276; x_wconf 90' lang='lat' dir='ltr'>Unde</span> <span class='ocrx_word' id='word_1_44' title='bbox 579 1201 623 1275; x_wconf 88' lang='lat' dir='ltr'>de</span> <span class='ocrx_word' id='word_1_45' title='bbox 651 1201 692 1275; x_wconf 87' lang='lat' dir='ltr'>iis</span> <span class='ocrx_word' id='word_1_46' title='bbox 716 1228 792 1301; x_wconf 84' lang='lat' dir='ltr'>quar</span> <span class='ocrx_word' id='word_1_47' title='bbox 816 1228 891 1278; x_wconf 93' lang='lat' dir='ltr'>non</span> <span class='ocrx_word' id='word_1_48' title='bbox 916 1203 1000 1280; x_wconf 80' lang='lat' dir='ltr'>esset</span> <span class='ocrx_word' id='word_1_49' title='bbox 1026 1208 1102 1303; x_wconf 90' lang='lat' dir='ltr'>quis</span> <span class='ocrx_word' id='word_1_50' title='bbox 1128 1206 1166 1278; x_wconf 90' lang='lat' dir='ltr'>iti</span> <span class='ocrx_word' id='word_1_51' title='bbox 1190 1206 1305 1304; x_wconf 84' lang='lat' dir='ltr'>specie</span> <span class='ocrx_word' id='word_1_52' title='bbox 1324 1201 1543 1280; x_wconf 87' lang='lat' dir='ltr'>concessurus</span> <span class='ocrx_word' id='word_1_53' title='bbox 1555 1207 1610 1298; x_wconf 78' lang='lat' dir='ltr'>‚fi</span> <span class='ocrx_word' id='word_1_54' title='bbox 1634 1206 1730 1278; x_wconf 84' lang='lat' dir='ltr'>daria·</span> 
     </span>
     <span class='ocr_line' id='line_1_8' title="bbox 198 1297 1734 1416; baseline 0.002 -41"><span class='ocrx_word' id='word_1_55' title='bbox 198 1297 246 1416; x_wconf 68' lang='lat' dir='ltr'>tio</span> <span class='ocrx_word' id='word_1_56' title='bbox 272 1325 333 1414; x_wconf 71' lang='lat' dir='ltr'>aori</span> <span class='ocrx_word' id='word_1_57' title='bbox 357 1302 476 1395; x_wconf 77' lang='lat' dir='ltr'>valet,</span> <span class='ocrx_word' id='word_1_58' title='bbox 502 1329 597 1398; x_wconf 79' lang='lat' dir='ltr'>neque</span> <span class='ocrx_word' id='word_1_59' title='bbox 621 1307 848 1398; x_wconf 75' lang='lat' dir='ltr'>confirmatio,</span> <span class='ocrx_word' id='word_1_60' title='bbox 874 1327 916 1381; x_wconf 89' lang='lat' dir='ltr'>ut</span> <span class='ocrx_word' id='word_1_61' title='bbox 940 1306 1045 1383; x_wconf 84' lang='lat' dir='ltr'>babet</span> <span class='ocrx_word' id='word_1_62' title='bbox 1071 1303 1192 1382; x_wconf 86' lang='lat' dir='ltr'>Glossa</span> <span class='ocrx_word' id='word_1_63' title='bbox 1219 1311 1257 1383; x_wconf 93' lang='lat' dir='ltr'>in</span> <span class='ocrx_word' id='word_1_64' title='bbox 1281 1311 1363 1405; x_wconf 81' lang='lat' dir='ltr'>Cap.</span> <span class='ocrx_word' id='word_1_65' title='bbox 1389 1305 1557 1398; x_wconf 77' lang='lat' dir='ltr'>Dudum,</span> <span class='ocrx_word' id='word_1_66' title='bbox 1593 1312 1648 1381; x_wconf 79' lang='lat' dir='ltr'>Da</span> <span class='ocrx_word' id='word_1_67' title='bbox 1680 1305 1734 1378; x_wconf 79' lang='lat' dir='ltr'>di-</span> 
     </span>
     <span class='ocr_line' id='line_1_9' title="bbox 200 1423 1729 1675; baseline 0.005 -101"><span class='ocrx_word' id='word_1_68' title='bbox 200 1423 336 1588; x_wconf 43' lang='lat' dir='ltr'>misi.)</span> <span class='ocrx_word' id='word_1_69' title='bbox 362 1499 510 1675; x_wconf 54' lang='lat' dir='ltr'>Ess&#39;s‘ffl</span> <span class='ocrx_word' id='word_1_70' title='bbox 534 1502 754 1624; x_wconf 68' lang='lat' dir='ltr'>consentiant.</span> <span class='ocrx_word' id='word_1_71' title='bbox 781 1504 1002 1627; x_wconf 65' lang='lat' dir='ltr'>Consensirn</span> <span class='ocrx_word' id='word_1_72' title='bbox 1027 1507 1129 1584; x_wconf 84' lang='lat' dir='ltr'>isium</span> <span class='ocrx_word' id='word_1_73' title='bbox 1155 1534 1216 1607; x_wconf 87' lang='lat' dir='ltr'>per</span> <span class='ocrx_word' id='word_1_74' title='bbox 1240 1509 1537 1627; x_wconf 73' lang='lat' dir='ltr'>onmiaintelligi</span> <span class='ocrx_word' id='word_1_75' title='bbox 1564 1511 1641 1627; x_wconf 67' lang='lat' dir='ltr'>pult</span> <span class='ocrx_word' id='word_1_76' title='bbox 1678 1506 1729 1583; x_wconf 84' lang='lat' dir='ltr'>D.</span> 
     </span>
     <span class='ocr_line' id='line_1_10' title="bbox 198 1599 1735 1709; baseline 0.006 -33"><span class='ocrx_word' id='word_1_77' title='bbox 198 1599 354 1698; x_wconf 85' lang='lat' dir='ltr'>Joanner</span> <span class='ocrx_word' id='word_1_78' title='bbox 419 1605 523 1679; x_wconf 88' lang='lat' dir='ltr'>ineda</span> <span class='ocrx_word' id='word_1_79' title='bbox 560 1605 687 1704; x_wconf 84' lang='lat' dir='ltr'>Operis</span> <span class='ocrx_word' id='word_1_80' title='bbox 722 1607 779 1680; x_wconf 87' lang='lat' dir='ltr'>Fr.</span> <span class='ocrx_word' id='word_1_81' title='bbox 816 1609 1002 1684; x_wconf 88' lang='lat' dir='ltr'>Dominici</span> <span class='ocrx_word' id='word_1_82' title='bbox 1042 1611 1188 1687; x_wconf 82' lang='lat' dir='ltr'>Losadtr</span> <span class='ocrx_word' id='word_1_83' title='bbox 1212 1611 1258 1684; x_wconf 91' lang='lat' dir='ltr'>de</span> <span class='ocrx_word' id='word_1_84' title='bbox 1293 1608 1479 1709; x_wconf 72' lang='lat' dir='ltr'>privilegus</span> <span class='ocrx_word' id='word_1_85' title='bbox 1505 1611 1632 1684; x_wconf 83' lang='lat' dir='ltr'>rridtcis</span> <span class='ocrx_word' id='word_1_86' title='bbox 1668 1633 1735 1707; x_wconf 92' lang='lat' dir='ltr'>pto</span> 
     </span>
    </p>
   </div>
   <div class='ocr_carea' id='block_1_6' title="bbox 193 1700 1733 5045">
    <p class='ocr_par' dir='ltr' id='par_1_6' title="bbox 193 1700 1733 2616">
     <span class='ocr_line' id='line_1_11' title="bbox 200 1700 1732 1802; baseline 0.003 -20"><span class='ocrx_word' id='word_1_87' title='bbox 200 1702 321 1801; x_wconf 83' lang='lat' dir='ltr'>Regio</span> <span class='ocrx_word' id='word_1_88' title='bbox 348 1700 532 1781; x_wconf 84' lang='lat' dir='ltr'>indiarum</span> <span class='ocrx_word' id='word_1_89' title='bbox 555 1707 706 1783; x_wconf 88' lang='lat' dir='ltr'>Senatus</span> <span class='ocrx_word' id='word_1_90' title='bbox 730 1709 879 1802; x_wconf 86' lang='lat' dir='ltr'>censor,</span> <span class='ocrx_word' id='word_1_91' title='bbox 917 1713 1003 1786; x_wconf 88' lang='lat' dir='ltr'>dum</span> <span class='ocrx_word' id='word_1_92' title='bbox 1031 1714 1081 1786; x_wconf 89' lang='lat' dir='ltr'>ait</span> <span class='ocrx_word' id='word_1_93' title='bbox 1107 1712 1152 1787; x_wconf 93' lang='lat' dir='ltr'>de</span> <span class='ocrx_word' id='word_1_94' title='bbox 1176 1709 1499 1789; x_wconf 81' lang='lat' dir='ltr'>Constitutionibus</span> <span class='ocrx_word' id='word_1_95' title='bbox 1535 1714 1571 1788; x_wconf 79' lang='lat' dir='ltr'>bt</span> <span class='ocrx_word' id='word_1_96' title='bbox 1604 1712 1732 1786; x_wconf 82' lang='lat' dir='ltr'>litteris</span> 
     </span>
     <span class='ocr_line' id='line_1_12' title="bbox 197 1804 1732 1910; baseline 0.004 -30"><span class='ocrx_word' id='word_1_97' title='bbox 197 1804 397 1903; x_wconf 87' lang='lat' dir='ltr'>apostolicis</span> <span class='ocrx_word' id='word_1_98' title='bbox 421 1831 481 1903; x_wconf 86' lang='lat' dir='ltr'>per</span> <span class='ocrx_word' id='word_1_99' title='bbox 517 1807 696 1884; x_wconf 86' lang='lat' dir='ltr'>Losadam</span> <span class='ocrx_word' id='word_1_100' title='bbox 731 1813 902 1886; x_wconf 74' lang='lat' dir='ltr'>collebiis:</span> <span class='ocrx_word' id='word_1_101' title='bbox 928 1817 980 1885; x_wconf 87' lang='lat' dir='ltr'>En</span> <span class='ocrx_word' id='word_1_102' title='bbox 1005 1816 1085 1885; x_wconf 76' lang='lat' dir='ltr'>elias</span> <span class='ocrx_word' id='word_1_103' title='bbox 1110 1811 1145 1888; x_wconf 92' lang='lat' dir='ltr'>se</span> <span class='ocrx_word' id='word_1_104' title='bbox 1182 1810 1394 1903; x_wconf 70' lang='lat' dir='ltr'>annotari,</span> <span class='ocrx_word' id='word_1_105' title='bbox 1427 1835 1496 1910; x_wconf 83' lang='lat' dir='ltr'>qtae</span> <span class='ocrx_word' id='word_1_106' title='bbox 1536 1836 1657 1886; x_wconf 86' lang='lat' dir='ltr'>trunca</span> <span class='ocrx_word' id='word_1_107' title='bbox 1684 1812 1732 1886; x_wconf 87' lang='lat' dir='ltr'>lta</span> 
     </span>
     <span class='ocr_line' id='line_1_13' title="bbox 198 1902 1730 2011; baseline 0.002 -31"><span class='ocrx_word' id='word_1_108' title='bbox 198 1902 275 1980; x_wconf 84' lang='lat' dir='ltr'>fido</span> <span class='ocrx_word' id='word_1_109' title='bbox 300 1909 336 1980; x_wconf 90' lang='lat' dir='ltr'>el</span> <span class='ocrx_word' id='word_1_110' title='bbox 361 1909 483 1983; x_wconf 88' lang='lat' dir='ltr'>animo</span> <span class='ocrx_word' id='word_1_111' title='bbox 507 1912 550 1982; x_wconf 92' lang='lat' dir='ltr'>de</span> <span class='ocrx_word' id='word_1_112' title='bbox 577 1912 612 1985; x_wconf 89' lang='lat' dir='ltr'>la</span> <span class='ocrx_word' id='word_1_113' title='bbox 638 1911 728 1986; x_wconf 83' lang='lat' dir='ltr'>Silla</span> <span class='ocrx_word' id='word_1_114' title='bbox 757 1911 962 2011; x_wconf 81' lang='lat' dir='ltr'>Apostolica</span> <span class='ocrx_word' id='word_1_115' title='bbox 989 1913 1182 2010; x_wconf 76' lang='lat' dir='ltr'>periodicas</span> <span class='ocrx_word' id='word_1_116' title='bbox 1208 1915 1229 1987; x_wconf 75' lang='lat' dir='ltr'>d</span> <span class='ocrx_word' id='word_1_117' title='bbox 1254 1915 1306 1988; x_wconf 85' lang='lat' dir='ltr'>las</span> <span class='ocrx_word' id='word_1_118' title='bbox 1332 1911 1583 1987; x_wconf 87' lang='lat' dir='ltr'>authoridades</span> <span class='ocrx_word' id='word_1_119' title='bbox 1606 1912 1652 1984; x_wconf 90' lang='lat' dir='ltr'>de</span> <span class='ocrx_word' id='word_1_120' title='bbox 1677 1913 1730 1984; x_wconf 86' lang='lat' dir='ltr'>los</span> 
     </span>
     <span class='ocr_line' id='line_1_14' title="bbox 196 2003 1728 2111; baseline 0.003 -31"><span class='ocrx_word' id='word_1_121' title='bbox 196 2003 349 2104; x_wconf 88' lang='lat' dir='ltr'>Obispos</span> <span class='ocrx_word' id='word_1_122' title='bbox 381 2033 427 2102; x_wconf 85' lang='lat' dir='ltr'>ya</span> <span class='ocrx_word' id='word_1_123' title='bbox 453 2010 632 2102; x_wconf 78' lang='lat' dir='ltr'>arcados,</span> <span class='ocrx_word' id='word_1_124' title='bbox 671 2010 789 2111; x_wconf 84' lang='lat' dir='ltr'>iique</span> <span class='ocrx_word' id='word_1_125' title='bbox 813 2038 858 2087; x_wconf 93' lang='lat' dir='ltr'>en</span> <span class='ocrx_word' id='word_1_126' title='bbox 885 2014 1049 2089; x_wconf 85' lang='lat' dir='ltr'>adelantc</span> <span class='ocrx_word' id='word_1_127' title='bbox 1082 2012 1117 2088; x_wconf 89' lang='lat' dir='ltr'>se</span> <span class='ocrx_word' id='word_1_128' title='bbox 1143 2016 1300 2111; x_wconf 80' lang='lat' dir='ltr'>erigeren</span> <span class='ocrx_word' id='word_1_129' title='bbox 1324 2037 1371 2090; x_wconf 87' lang='lat' dir='ltr'>en</span> <span class='ocrx_word' id='word_1_130' title='bbox 1405 2015 1560 2110; x_wconf 87' lang='lat' dir='ltr'>aquellas</span> <span class='ocrx_word' id='word_1_131' title='bbox 1593 2015 1728 2110; x_wconf 65' lang='lat' dir='ltr'>provio</span> 
     </span>
     <span class='ocr_line' id='line_1_15' title="bbox 193 2109 1732 2213; baseline 0.006 -33"><span class='ocrx_word' id='word_1_132' title='bbox 193 2110 286 2181; x_wconf 84' lang='lat' dir='ltr'>cias.</span> <span class='ocrx_word' id='word_1_133' title='bbox 315 2110 519 2206; x_wconf 78' lang='lat' dir='ltr'>Aliquando</span> <span class='ocrx_word' id='word_1_134' title='bbox 545 2109 617 2186; x_wconf 90' lang='lat' dir='ltr'>sine</span> <span class='ocrx_word' id='word_1_135' title='bbox 641 2112 749 2190; x_wconf 91' lang='lat' dir='ltr'>dubio</span> <span class='ocrx_word' id='word_1_136' title='bbox 775 2112 939 2190; x_wconf 86' lang='lat' dir='ltr'>Pontifex</span> <span class='ocrx_word' id='word_1_137' title='bbox 976 2113 1186 2213; x_wconf 86' lang='lat' dir='ltr'>potestatem</span> <span class='ocrx_word' id='word_1_138' title='bbox 1224 2113 1309 2190; x_wconf 83' lang='lat' dir='ltr'>fecit</span> <span class='ocrx_word' id='word_1_139' title='bbox 1345 2137 1406 2213; x_wconf 91' lang='lat' dir='ltr'>per</span> <span class='ocrx_word' id='word_1_140' title='bbox 1443 2112 1732 2190; x_wconf 82' lang='lat' dir='ltr'>constitutionem</span> 
     </span>
     <span class='ocr_line' id='line_1_16' title="bbox 199 2209 1732 2310; baseline 0.005 -27"><span class='ocrx_word' id='word_1_141' title='bbox 199 2229 261 2284; x_wconf 88' lang='lat' dir='ltr'>aut</span> <span class='ocrx_word' id='word_1_142' title='bbox 286 2209 424 2284; x_wconf 85' lang='lat' dir='ltr'>litteras</span> <span class='ocrx_word' id='word_1_143' title='bbox 450 2266 461 2302; x_wconf 91' lang='lat'>,</span> <span class='ocrx_word' id='word_1_144' title='bbox 486 2235 560 2286; x_wconf 91' lang='lat' dir='ltr'>non</span> <span class='ocrx_word' id='word_1_145' title='bbox 585 2211 749 2310; x_wconf 86' lang='lat' dir='ltr'>reqiiifita</span> <span class='ocrx_word' id='word_1_146' title='bbox 776 2217 1035 2291; x_wconf 82' lang='lat' dir='ltr'>ordinariorum</span> <span class='ocrx_word' id='word_1_147' title='bbox 1060 2217 1225 2308; x_wconf 85' lang='lat' dir='ltr'>licentia,</span> <span class='ocrx_word' id='word_1_148' title='bbox 1250 2240 1316 2290; x_wconf 91' lang='lat' dir='ltr'>nec</span> <span class='ocrx_word' id='word_1_149' title='bbox 1342 2215 1732 2308; x_wconf 80' lang='lat' dir='ltr'>attentaauthoritate,</span> 
     </span>
     <span class='ocr_line' id='line_1_17' title="bbox 197 2308 1733 2419; baseline 0.003 -34"><span class='ocrx_word' id='word_1_150' title='bbox 197 2330 237 2385; x_wconf 79' lang='lat' dir='ltr'>nr</span> <span class='ocrx_word' id='word_1_151' title='bbox 263 2334 356 2386; x_wconf 86' lang='lat' dir='ltr'>cum·</span> <span class='ocrx_word' id='word_1_152' title='bbox 370 2308 453 2419; x_wconf 83' lang='lat' dir='ltr'>Pius</span> <span class='ocrx_word' id='word_1_153' title='bbox 477 2312 678 2388; x_wconf 74' lang='lat' dir='ltr'>V.·iniuiiis</span> <span class='ocrx_word' id='word_1_154' title='bbox 705 2316 906 2414; x_wconf 83' lang='lat' dir='ltr'>parochiale</span> <span class='ocrx_word' id='word_1_155' title='bbox 932 2314 1086 2415; x_wconf 84' lang='lat' dir='ltr'>permisit</span> <span class='ocrx_word' id='word_1_156' title='bbox 1111 2317 1347 2414; x_wconf 83' lang='lat' dir='ltr'>regularibus,</span> <span class='ocrx_word' id='word_1_157' title='bbox 1373 2316 1514 2413; x_wconf 85' lang='lat' dir='ltr'>dequo</span> <span class='ocrx_word' id='word_1_158' title='bbox 1539 2312 1632 2391; x_wconf 79' lang='lat' dir='ltr'>iusta</span> <span class='ocrx_word' id='word_1_159' title='bbox 1667 2338 1733 2390; x_wconf 82' lang='lat' dir='ltr'>an·</span> 
     </span>
     <span class='ocr_line' id='line_1_18' title="bbox 196 2412 1733 2515; baseline 0.007 -29"><span class='ocrx_word' id='word_1_160' title='bbox 196 2435 245 2486; x_wconf 85' lang='lat' dir='ltr'>iio</span> <span class='ocrx_word' id='word_1_161' title='bbox 272 2418 382 2506; x_wconf 79' lang='lat'>1567.</span> <span class='ocrx_word' id='word_1_162' title='bbox 411 2435 472 2511; x_wconf 81' lang='lat'>²4</span> <span class='ocrx_word' id='word_1_163' title='bbox 497 2412 609 2489; x_wconf 78' lang='lat' dir='ltr'>Mate</span> <span class='ocrx_word' id='word_1_164' title='bbox 634 2417 705 2491; x_wconf 88' lang='lat' dir='ltr'>Sed</span> <span class='ocrx_word' id='word_1_165' title='bbox 729 2421 764 2492; x_wconf 76' lang='grc' dir='ltr'>δι</span> <span class='ocrx_word' id='word_1_166' title='bbox 789 2414 869 2490; x_wconf 85' lang='lat' dir='ltr'>sunt</span> <span class='ocrx_word' id='word_1_167' title='bbox 900 2416 1143 2492; x_wconf 83' lang='lat' dir='ltr'>ordinationes</span> <span class='ocrx_word' id='word_1_168' title='bbox 1167 2419 1281 2514; x_wconf 88' lang='lat' dir='ltr'>plures</span> <span class='ocrx_word' id='word_1_169' title='bbox 1316 2420 1461 2515; x_wconf 80' lang='lat' dir='ltr'>pianam</span> <span class='ocrx_word' id='word_1_170' title='bbox 1494 2416 1598 2492; x_wconf 85' lang='lat' dir='ltr'>illam</span> <span class='ocrx_word' id='word_1_171' title='bbox 1631 2415 1733 2498; x_wconf 56' lang='lat' dir='ltr'>roda}</span> 
     </span>
     <span class='ocr_line' id='line_1_19' title="bbox 198 2513 1297 2616; baseline 0.003 -29"><span class='ocrx_word' id='word_1_172' title='bbox 198 2533 315 2588; x_wconf 80' lang='lat' dir='ltr'>centes</span> <span class='ocrx_word' id='word_1_173' title='bbox 331 2513 388 2587; x_wconf 86' lang='lat' dir='ltr'>¹ad</span> <span class='ocrx_word' id='word_1_174' title='bbox 415 2518 586 2590; x_wconf 85' lang='lat' dir='ltr'>terminos</span> <span class='ocrx_word' id='word_1_175' title='bbox 609 2518 716 2608; x_wconf 82' lang='lat' dir='ltr'>juris,</span> <span class='ocrx_word' id='word_1_176' title='bbox 742 2516 801 2591; x_wconf 91' lang='lat' dir='ltr'>ubi</span> <span class='ocrx_word' id='word_1_177' title='bbox 828 2515 908 2601; x_wconf 83' lang='lat' dir='ltr'>sunt</span> <span class='ocrx_word' id='word_1_178' title='bbox 929 2516 1149 2616; x_wconf 82' lang='lat' dir='ltr'>episcopatus</span> <span class='ocrx_word' id='word_1_179' title='bbox 1173 2519 1297 2594; x_wconf 70' lang='lat' dir='ltr'>credi.</span> 
     </span>
    </p>

    <p class='ocr_par' dir='ltr' id='par_1_7' title="bbox 198 2612 1733 3818">
     <span class='ocr_line' id='line_1_20' title="bbox 217 2612 1733 2717; baseline 0.004 -30"><span class='ocrx_word' id='word_1_180' title='bbox 217 2638 222 2647; x_wconf 94' lang='lat'>·</span> <span class='ocrx_word' id='word_1_181' title='bbox 302 2612 346 2687; x_wconf 91' lang='lat' dir='ltr'>ln</span> <span class='ocrx_word' id='word_1_182' title='bbox 370 2617 494 2690; x_wconf 80' lang='lat' dir='ltr'>relato·</span> <span class='ocrx_word' id='word_1_183' title='bbox 510 2619 724 2717; x_wconf 86' lang='lat' dir='ltr'>compendio</span> <span class='ocrx_word' id='word_1_184' title='bbox 747 2620 1012 2717; x_wconf 69' lang='lat' dir='ltr'>privilegiorum</span> <span class='ocrx_word' id='word_1_185' title='bbox 1036 2621 1061 2694; x_wconf 84' lang='lat' dir='ltr'>ii</span> <span class='ocrx_word' id='word_1_186' title='bbox 1084 2616 1297 2716; x_wconf 83' lang='lat' dir='ltr'>regularibus</span> <span class='ocrx_word' id='word_1_187' title='bbox 1321 2620 1445 2696; x_wconf 86' lang='lat' dir='ltr'>oblato</span> <span class='ocrx_word' id='word_1_188' title='bbox 1463 2618 1614 2715; x_wconf 79' lang='lat' dir='ltr'>-Synodo</span> <span class='ocrx_word' id='word_1_189' title='bbox 1648 2616 1733 2694; x_wconf 81' lang='lat' dir='ltr'>Me·</span> 
     </span>
     <span class='ocr_line' id='line_1_21' title="bbox 198 2713 1731 2815; baseline 0.003 -25"><span class='ocrx_word' id='word_1_190' title='bbox 198 2713 375 2790; x_wconf 83' lang='lat' dir='ltr'>ricanensi</span> <span class='ocrx_word' id='word_1_191' title='bbox 399 2716 527 2792; x_wconf 91' lang='lat' dir='ltr'>dicitur</span> <span class='ocrx_word' id='word_1_192' title='bbox 561 2719 701 2794; x_wconf 89' lang='lat' dir='ltr'>dehac</span> <span class='ocrx_word' id='word_1_193' title='bbox 727 2717 828 2795; x_wconf 88' lang='lat' dir='ltr'>Pauli</span> <span class='ocrx_word' id='word_1_194' title='bbox 858 2719 1133 2798; x_wconf 79' lang='lat' dir='ltr'>constitutione:</span> <span class='ocrx_word' id='word_1_195' title='bbox 1160 2720 1324 2810; x_wconf 77' lang='lat' dir='ltr'>Confirmti</span> <span class='ocrx_word' id='word_1_196' title='bbox 1361 2722 1395 2796; x_wconf 72' lang='lat' dir='ltr'>le</span> <span class='ocrx_word' id='word_1_197' title='bbox 1431 2719 1628 2797; x_wconf 86' lang='lat' dir='ltr'>concedido</span> <span class='ocrx_word' id='word_1_198' title='bbox 1665 2743 1731 2815; x_wconf 89' lang='lat' dir='ltr'>por</span> 
     </span>
     <span class='ocr_line' id='line_1_22' title="bbox 204 2814 1732 2918; baseline 0.003 -26"><span class='ocrx_word' id='word_1_199' title='bbox 204 2814 386 2909; x_wconf 79' lang='lat' dir='ltr'>Adriano,</span> <span class='ocrx_word' id='word_1_200' title='bbox 413 2841 436 2912; x_wconf 86' lang='lat' dir='ltr'>y</span> <span class='ocrx_word' id='word_1_201' title='bbox 461 2816 561 2918; x_wconf 81' lang='lat' dir='ltr'>quitb</span> <span class='ocrx_word' id='word_1_202' title='bbox 584 2823 621 2893; x_wconf 83' lang='lat' dir='ltr'>la</span> <span class='ocrx_word' id='word_1_203' title='bbox 648 2822 824 2895; x_wconf 88' lang='lat' dir='ltr'>rellricion</span> <span class='ocrx_word' id='word_1_204' title='bbox 848 2823 954 2898; x_wconf 86' lang='lat' dir='ltr'>delas</span> <span class='ocrx_word' id='word_1_205' title='bbox 975 2824 1041 2898; x_wconf 85' lang='lat' dir='ltr'>dos</span> <span class='ocrx_word' id='word_1_206' title='bbox 1066 2823 1199 2914; x_wconf 85' lang='lat' dir='ltr'>dietas,</span> <span class='ocrx_word' id='word_1_207' title='bbox 1224 2820 1448 2898; x_wconf 83' lang='lat' dir='ltr'>estendiendo</span> <span class='ocrx_word' id='word_1_208' title='bbox 1471 2821 1732 2897; x_wconf 84' lang='lat' dir='ltr'>laomniinoda</span> 
     </span>
     <span class='ocr_line' id='line_1_23' title="bbox 204 2917 1731 3021; baseline 0.001 -27"><span class='ocrx_word' id='word_1_209' title='bbox 204 2917 415 2995; x_wconf 76' lang='lat' dir='ltr'>authoridad</span> <span class='ocrx_word' id='word_1_210' title='bbox 442 2922 477 2993; x_wconf 88' lang='lat' dir='ltr'>al</span> <span class='ocrx_word' id='word_1_211' title='bbox 502 2923 595 2995; x_wconf 85' lang='lat' dir='ltr'>intra</span> <span class='ocrx_word' id='word_1_212' title='bbox 622 2922 703 3012; x_wconf 76' lang='lat' dir='ltr'>duat</span> <span class='ocrx_word' id='word_1_213' title='bbox 724 2924 837 2996; x_wconf 35' lang='lat' dir='ltr'>*dieras</span> <span class='ocrx_word' id='word_1_214' title='bbox 861 2948 930 2999; x_wconf 89' lang='lat' dir='ltr'>con</span> <span class='ocrx_word' id='word_1_215' title='bbox 955 2927 1007 2999; x_wconf 83' lang='lat' dir='ltr'>tal</span> <span class='ocrx_word' id='word_1_216' title='bbox 1029 2948 1099 3021; x_wconf 91' lang='lat' dir='ltr'>que</span> <span class='ocrx_word' id='word_1_217' title='bbox 1119 2925 1249 2998; x_wconf 30' lang='lat' dir='ltr'>*dentro</span> <span class='ocrx_word' id='word_1_218' title='bbox 1274 2923 1319 2998; x_wconf 85' lang='lat' dir='ltr'>de</span> <span class='ocrx_word' id='word_1_219' title='bbox 1343 2925 1396 2997; x_wconf 87' lang='lat' dir='ltr'>las</span> <span class='ocrx_word' id='word_1_220' title='bbox 1422 2922 1487 2998; x_wconf 88' lang='lat' dir='ltr'>dos</span> <span class='ocrx_word' id='word_1_221' title='bbox 1508 2924 1624 2998; x_wconf 84' lang='lat' dir='ltr'>dietas</span> <span class='ocrx_word' id='word_1_222' title='bbox 1639 2917 1731 2996; x_wconf 81' lang='lat' dir='ltr'>sues</span> 
     </span>
     <span class='ocr_line' id='line_1_24' title="bbox 203 3016 1731 3122; baseline 0.005 -30"><span class='ocrx_word' id='word_1_223' title='bbox 203 3016 235 3092; x_wconf 88' lang='lat' dir='ltr'>se</span> <span class='ocrx_word' id='word_1_224' title='bbox 249 3044 328 3096; x_wconf 83' lang='lat' dir='ltr'>oon</span> <span class='ocrx_word' id='word_1_225' title='bbox 348 3018 732 3096; x_wconf 63' lang='lat' dir='ltr'>consotimieniodel</span> <span class='ocrx_word' id='word_1_226' title='bbox 746 3023 901 3121; x_wconf 90' lang='lat' dir='ltr'>Obispo,</span> <span class='ocrx_word' id='word_1_227' title='bbox 926 3025 1114 3121; x_wconf 81' lang='lat' dir='ltr'>quedar&#39;ido</span> <span class='ocrx_word' id='word_1_228' title='bbox 1139 3049 1246 3099; x_wconf 87' lang='lat' dir='ltr'>coroo</span> <span class='ocrx_word' id='word_1_229' title='bbox 1270 3025 1386 3122; x_wconf 81' lang='lat' dir='ltr'>quoda</span> <span class='ocrx_word' id='word_1_230' title='bbox 1410 3047 1458 3100; x_wconf 87' lang='lat' dir='ltr'>en</span> <span class='ocrx_word' id='word_1_231' title='bbox 1479 3021 1522 3099; x_wconf 91' lang='lat' dir='ltr'>su</span> <span class='ocrx_word' id='word_1_232' title='bbox 1547 3020 1665 3100; x_wconf 76' lang='lat' dir='ltr'>sirena</span> <span class='ocrx_word' id='word_1_233' title='bbox 1690 3023 1731 3099; x_wconf 84' lang='lat' dir='ltr'>la</span> 
     </span>
     <span class='ocr_line' id='line_1_25' title="bbox 206 3120 1731 3200; baseline -0.001 -3"><span class='ocrx_word' id='word_1_234' title='bbox 206 3120 300 3197; x_wconf 76' lang='lat' dir='ltr'>(lidia</span> <span class='ocrx_word' id='word_1_235' title='bbox 325 3121 542 3196; x_wconf 65' lang='lat' dir='ltr'>‘omnimoda</span> <span class='ocrx_word' id='word_1_236' title='bbox 567 3138 667 3196; x_wconf 80' lang='lat' dir='ltr'>extra</span> <span class='ocrx_word' id='word_1_237' title='bbox 693 3125 775 3198; x_wconf 85' lang='lat' dir='ltr'>duas</span> <span class='ocrx_word' id='word_1_238' title='bbox 796 3125 928 3197; x_wconf 82' lang='lat' dir='ltr'>dietas.</span> <span class='ocrx_word' id='word_1_239' title='bbox 955 3124 1089 3200; x_wconf 85' lang='lat' dir='ltr'>Doride</span> <span class='ocrx_word' id='word_1_240' title='bbox 1111 3122 1183 3198; x_wconf 66' lang='lat' dir='ltr'>elii</span> <span class='ocrx_word' id='word_1_241' title='bbox 1210 3126 1285 3199; x_wconf 82' lang='lat' dir='ltr'>tnui</span> <span class='ocrx_word' id='word_1_242' title='bbox 1307 3124 1501 3199; x_wconf 79' lang='lat' dir='ltr'>dedarado</span> <span class='ocrx_word' id='word_1_243' title='bbox 1523 3125 1563 3198; x_wconf 83' lang='lat' dir='ltr'>lo</span> <span class='ocrx_word' id='word_1_244' title='bbox 1694 3121 1731 3196; x_wconf 73' lang='lat' dir='ltr'>ai</span> 
     </span>
     <span class='ocr_line' id='line_1_26' title="bbox 211 3218 1732 3323; baseline 0.001 -28"><span class='ocrx_word' id='word_1_245' title='bbox 211 3220 384 3322; x_wconf 88' lang='lat' dir='ltr'>proposito</span> <span class='ocrx_word' id='word_1_246' title='bbox 408 3218 444 3296; x_wconf 88' lang='lat' dir='ltr'>se</span> <span class='ocrx_word' id='word_1_247' title='bbox 468 3221 514 3296; x_wconf 85' lang='lat' dir='ltr'>ha</span> <span class='ocrx_word' id='word_1_248' title='bbox 540 3222 647 3296; x_wconf 91' lang='lat' dir='ltr'>dicho</span> <span class='ocrx_word' id='word_1_249' title='bbox 670 3225 714 3297; x_wconf 88' lang='lat' dir='ltr'>de</span> <span class='ocrx_word' id='word_1_250' title='bbox 734 3226 774 3297; x_wconf 83' lang='lat' dir='ltr'>la</span> <span class='ocrx_word' id='word_1_251' title='bbox 796 3225 1032 3315; x_wconf 86' lang='lat' dir='ltr'>omnimoda,</span> <span class='ocrx_word' id='word_1_252' title='bbox 1051 3248 1124 3323; x_wconf 83' lang='lat' dir='ltr'>que</span> <span class='ocrx_word' id='word_1_253' title='bbox 1148 3248 1195 3297; x_wconf 88' lang='lat' dir='ltr'>en</span> <span class='ocrx_word' id='word_1_254' title='bbox 1216 3226 1254 3298; x_wconf 83' lang='lat' dir='ltr'>ei</span> <span class='ocrx_word' id='word_1_255' title='bbox 1290 3225 1383 3298; x_wconf 78' lang='lat' dir='ltr'>intra</span> <span class='ocrx_word' id='word_1_256' title='bbox 1421 3248 1506 3320; x_wconf 84' lang='lat' dir='ltr'>para</span> <span class='ocrx_word' id='word_1_257' title='bbox 1540 3247 1558 3296; x_wconf 95' lang='lat' dir='ltr'>c</span> <span class='ocrx_word' id='word_1_258' title='bbox 1602 3245 1638 3297; x_wconf 88' lang='lat' dir='ltr'>as</span> <span class='ocrx_word' id='word_1_259' title='bbox 1675 3247 1732 3296; x_wconf 85' lang='lat' dir='ltr'>ar·</span> 
     </span>
     <span class='ocr_line' id='line_1_27' title="bbox 208 3319 1732 3423; baseline -0.001 -24"><span class='ocrx_word' id='word_1_260' title='bbox 208 3325 280 3399; x_wconf 80' lang='lat' dir='ltr'>duas</span> <span class='ocrx_word' id='word_1_261' title='bbox 302 3322 382 3399; x_wconf 86' lang='lat' dir='ltr'>sera</span> <span class='ocrx_word' id='word_1_262' title='bbox 406 3321 600 3398; x_wconf 78' lang='lat' dir='ltr'>neaetsario</span> <span class='ocrx_word' id='word_1_263' title='bbox 623 3327 657 3398; x_wconf 85' lang='lat' dir='ltr'>el</span> <span class='ocrx_word' id='word_1_264' title='bbox 682 3323 978 3402; x_wconf 88' lang='lat' dir='ltr'>consentimierito</span> <span class='ocrx_word' id='word_1_265' title='bbox 1003 3326 1061 3400; x_wconf 87' lang='lat' dir='ltr'>del</span> <span class='ocrx_word' id='word_1_266' title='bbox 1087 3323 1220 3422; x_wconf 88' lang='lat' dir='ltr'>Ob&#39;ispo</span> <span class='ocrx_word' id='word_1_267' title='bbox 1244 3326 1368 3423; x_wconf 84' lang='lat' dir='ltr'>porei</span> <span class='ocrx_word' id='word_1_268' title='bbox 1394 3325 1511 3400; x_wconf 83' lang='lat' dir='ltr'>boner</span> <span class='ocrx_word' id='word_1_269' title='bbox 1535 3345 1601 3422; x_wconf 87' lang='lat' dir='ltr'>que</span> <span class='ocrx_word' id='word_1_270' title='bbox 1635 3319 1732 3398; x_wconf 82' lang='lat' dir='ltr'>sele</span> 
     </span>
     <span class='ocr_line' id='line_1_28' title="bbox 208 3420 1731 3523; baseline 0.005 -24"><span class='ocrx_word' id='word_1_271' title='bbox 208 3425 307 3500; x_wconf 87' lang='lat' dir='ltr'>debe.</span> <span class='ocrx_word' id='word_1_272' title='bbox 335 3451 359 3519; x_wconf 86' lang='lat' dir='ltr'><strong>y</strong></span> <span class='ocrx_word' id='word_1_273' title='bbox 383 3420 519 3499; x_wconf 74' lang='lat' dir='ltr'>erroro</span> <span class='ocrx_word' id='word_1_274' title='bbox 545 3429 699 3500; x_wconf 89' lang='lat' dir='ltr'>concede</span> <span class='ocrx_word' id='word_1_275' title='bbox 720 3425 838 3523; x_wconf 82' lang='lat' dir='ltr'>Paulo</span> <span class='ocrx_word' id='word_1_276' title='bbox 863 3427 934 3501; x_wconf 87' lang='lat' dir='ltr'>HL</span> <span class='ocrx_word' id='word_1_277' title='bbox 955 3453 1031 3502; x_wconf 84' lang='lat' dir='ltr'>con</span> <span class='ocrx_word' id='word_1_278' title='bbox 1056 3446 1119 3503; x_wconf 89' lang='lat' dir='ltr'>tan</span> <span class='ocrx_word' id='word_1_279' title='bbox 1144 3425 1303 3504; x_wconf 86' lang='lat' dir='ltr'>notables</span> <span class='ocrx_word' id='word_1_280' title='bbox 1327 3421 1635 3518; x_wconf 80' lang='lat' dir='ltr'>noti-obstanciar,</span> <span class='ocrx_word' id='word_1_281' title='bbox 1655 3445 1731 3523; x_wconf 69' lang='lat' dir='ltr'>que</span> 
     </span>
     <span class='ocr_line' id='line_1_29' title="bbox 208 3520 1731 3626; baseline -0.003 -26"><span class='ocrx_word' id='word_1_282' title='bbox 208 3551 262 3623; x_wconf 91' lang='lat' dir='ltr'>por</span> <span class='ocrx_word' id='word_1_283' title='bbox 286 3524 378 3602; x_wconf 89' lang='lat' dir='ltr'>solas</span> <span class='ocrx_word' id='word_1_284' title='bbox 402 3527 487 3600; x_wconf 90' lang='lat' dir='ltr'>ellas</span> <span class='ocrx_word' id='word_1_285' title='bbox 512 3527 566 3601; x_wconf 89' lang='lat' dir='ltr'>los</span> <span class='ocrx_word' id='word_1_286' title='bbox 590 3526 747 3603; x_wconf 85' lang='lat' dir='ltr'>letrados.</span> <span class='ocrx_word' id='word_1_287' title='bbox 768 3555 791 3624; x_wconf 90' lang='lat' dir='ltr'><strong>y</strong></span> <span class='ocrx_word' id='word_1_288' title='bbox 816 3527 948 3619; x_wconf 72' lang='lat' dir='ltr'>juristae</span> <span class='ocrx_word' id='word_1_289' title='bbox 971 3529 1131 3603; x_wconf 89' lang='lat' dir='ltr'>vinieron</span> <span class='ocrx_word' id='word_1_290' title='bbox 1158 3523 1179 3600; x_wconf 73' lang='lat' dir='ltr'>s</span> <span class='ocrx_word' id='word_1_291' title='bbox 1205 3528 1443 3618; x_wconf 79' lang='lat' dir='ltr'>determinat,</span> <span class='ocrx_word' id='word_1_292' title='bbox 1470 3548 1537 3626; x_wconf 88' lang='lat' dir='ltr'>qire</span> <span class='ocrx_word' id='word_1_293' title='bbox 1571 3520 1600 3596; x_wconf 82' lang='lat' dir='ltr'>si</span> <span class='ocrx_word' id='word_1_294' title='bbox 1631 3525 1731 3623; x_wconf 71' lang='lat' dir='ltr'>algu</span> 
     </span>
     <span class='ocr_line' id='line_1_30' title="bbox 204 3626 1732 3818; baseline 0.001 -118"><span class='ocrx_word' id='word_1_295' title='bbox 204 3629 489 3805; x_wconf 41' lang='lat' dir='ltr'>&#39;bifopiivss‘agiiff</span> <span class='ocrx_word' id='word_1_296' title='bbox 510 3627 664 3803; x_wconf 69' lang='lat' dir='ltr'>iqstaban</span> <span class='ocrx_word' id='word_1_297' title='bbox 691 3652 789 3818; x_wconf 69' lang='lat' dir='ltr'>aqqes</span> <span class='ocrx_word' id='word_1_298' title='bbox 823 3629 1067 3806; x_wconf 51' lang='lat' dir='ltr'>resititqgidpaq</span> <span class='ocrx_word' id='word_1_299' title='bbox 1101 3628 1336 3803; x_wconf 51' lang='lat' dir='ltr'>aqnplpdeqsm,</span> <span class='ocrx_word' id='word_1_300' title='bbox 1372 3626 1397 3702; x_wconf 91' lang='grc' dir='ltr'>ὸ</span> <span class='ocrx_word' id='word_1_301' title='bbox 1431 3626 1657 3717; x_wconf 84' lang='lat' dir='ltr'>revocados,</span> <span class='ocrx_word' id='word_1_302' title='bbox 1695 3650 1732 3702; x_wconf 85' lang='lat' dir='ltr'>es</span> 
     </span>
     <span class='ocr_line' id='line_1_31' title="bbox 203 3753 1342 3808; baseline -0.004 -4"><span class='ocrx_word' id='word_1_303' title='bbox 203 3753 234 3805; x_wconf 76' lang='lat' dir='ltr'>ti</span> <span class='ocrx_word' id='word_1_304' title='bbox 326 3754 407 3804; x_wconf 90' lang='lat' dir='ltr'>err</span> <span class='ocrx_word' id='word_1_305' title='bbox 466 3756 507 3802; x_wconf 90' lang='lat' dir='ltr'>-u</span> <span class='ocrx_word' id='word_1_306' title='bbox 546 3754 645 3805; x_wconf 81' lang='lat' dir='ltr'>ostii</span> <span class='ocrx_word' id='word_1_307' title='bbox 692 3759 910 3808; x_wconf 82' lang='lat' dir='ltr'>rimamau</span> <span class='ocrx_word' id='word_1_308' title='bbox 948 3759 997 3806; x_wconf 85' lang='lat' dir='ltr'>ort</span> <span class='ocrx_word' id='word_1_309' title='bbox 1057 3757 1108 3802; x_wconf 85' lang='lat' dir='ltr'>em</span> <span class='ocrx_word' id='word_1_310' title='bbox 1149 3756 1205 3802; x_wconf 87' lang='lat' dir='ltr'>oo</span> <span class='ocrx_word' id='word_1_311' title='bbox 1332 3783 1342 3800; x_wconf 90' lang='lat'>.</span> 
     </span>
    </p>

    <p class='ocr_par' dir='ltr' id='par_1_8' title="bbox 193 3757 1733 5045">
     <span class='ocr_line' id='line_1_32' title="bbox 298 3757 1730 3927; baseline -0.005 -20"><span class='ocrx_word' id='word_1_312' title='bbox 298 3828 369 3907; x_wconf 87' lang='lat' dir='ltr'>Ubi</span> <span class='ocrx_word' id='word_1_313' title='bbox 394 3828 601 3927; x_wconf 73' lang='lat' dir='ltr'>supponitur</span> <span class='ocrx_word' id='word_1_314' title='bbox 623 3757 784 3908; x_wconf 67' lang='lat' dir='ltr'>inplacis</span> <span class='ocrx_word' id='word_1_315' title='bbox 817 3832 891 3909; x_wconf 87' lang='lat' dir='ltr'>sitis</span> <span class='ocrx_word' id='word_1_316' title='bbox 924 3833 1129 3907; x_wconf 87' lang='lat' dir='ltr'>inditione</span> <span class='ocrx_word' id='word_1_317' title='bbox 1154 3828 1397 3926; x_wconf 86' lang='lat' dir='ltr'>episcoporum</span> <span class='ocrx_word' id='word_1_318' title='bbox 1423 3845 1524 3902; x_wconf 73' lang='lat' dir='ltr'>taetra</span> <span class='ocrx_word' id='word_1_319' title='bbox 1548 3829 1629 3904; x_wconf 81' lang='lat' dir='ltr'>duas</span> <span class='ocrx_word' id='word_1_320' title='bbox 1664 3827 1730 3900; x_wconf 83' lang='lat' dir='ltr'>die·</span> 
     </span>
     <span class='ocr_line' id='line_1_33' title="bbox 202 3925 1731 4032; baseline -0.002 -30"><span class='ocrx_word' id='word_1_321' title='bbox 202 3947 255 4003; x_wconf 84' lang='lat' dir='ltr'>tiit</span> <span class='ocrx_word' id='word_1_322' title='bbox 279 3931 301 4005; x_wconf 76' lang='lat' dir='ltr'>b</span> <span class='ocrx_word' id='word_1_323' title='bbox 325 3929 511 4007; x_wconf 85' lang='lat' dir='ltr'>residentia</span> <span class='ocrx_word' id='word_1_324' title='bbox 549 3931 740 4032; x_wconf 89' lang='lat' dir='ltr'>episcopali</span> <span class='ocrx_word' id='word_1_325' title='bbox 767 3989 778 4025; x_wconf 90' lang='lat'>,</span> <span class='ocrx_word' id='word_1_326' title='bbox 805 3936 869 4010; x_wconf 56' lang='lat' dir='ltr'>‘vel</span> <span class='ocrx_word' id='word_1_327' title='bbox 895 3932 1125 4022; x_wconf 85' lang='lat' dir='ltr'>officialium,</span> <span class='ocrx_word' id='word_1_328' title='bbox 1147 3955 1226 4003; x_wconf 88' lang='lat' dir='ltr'>non</span> <span class='ocrx_word' id='word_1_329' title='bbox 1250 3929 1379 4024; x_wconf 86' lang='lat' dir='ltr'>requiri</span> <span class='ocrx_word' id='word_1_330' title='bbox 1407 3927 1552 4001; x_wconf 83' lang='lat' dir='ltr'>illorum</span> <span class='ocrx_word' id='word_1_331' title='bbox 1584 3925 1731 4001; x_wconf 85' lang='lat' dir='ltr'>consen·</span> 
     </span>
     <span class='ocr_line' id='line_1_34' title="bbox 201 4025 1729 4126; baseline -0.002 -21"><span class='ocrx_word' id='word_1_332' title='bbox 201 4029 274 4108; x_wconf 83' lang='lat' dir='ltr'>sitin</span> <span class='ocrx_word' id='word_1_333' title='bbox 299 4033 346 4106; x_wconf 87' lang='lat' dir='ltr'>ad</span> <span class='ocrx_word' id='word_1_334' title='bbox 366 4033 590 4108; x_wconf 74' lang='lat' dir='ltr'>omnimoda</span> <span class='ocrx_word' id='word_1_335' title='bbox 616 4036 845 4110; x_wconf 85' lang='lat' dir='ltr'>authoritatis</span> <span class='ocrx_word' id='word_1_336' title='bbox 870 4036 998 4109; x_wconf 83' lang='lat' dir='ltr'>usian.</span> <span class='ocrx_word' id='word_1_337' title='bbox 1023 4030 1199 4126; x_wconf 79' lang='lat' dir='ltr'>Qiinimo</span> <span class='ocrx_word' id='word_1_338' title='bbox 1223 4025 1460 4125; x_wconf 84' lang='lat' dir='ltr'>significatur,</span> <span class='ocrx_word' id='word_1_339' title='bbox 1495 4051 1568 4100; x_wconf 91' lang='lat' dir='ltr'>non</span> <span class='ocrx_word' id='word_1_340' title='bbox 1598 4028 1729 4123; x_wconf 86' lang='lat' dir='ltr'>requiri</span> 
     </span>
     <span class='ocr_line' id='line_1_35' title="bbox 197 4126 1729 4227; baseline -0.003 -20"><span class='ocrx_word' id='word_1_341' title='bbox 197 4133 406 4208; x_wconf 85' lang='lat' dir='ltr'>consensum</span> <span class='ocrx_word' id='word_1_342' title='bbox 431 4136 525 4208; x_wconf 87' lang='lat' dir='ltr'>intra</span> <span class='ocrx_word' id='word_1_343' title='bbox 551 4137 640 4211; x_wconf 88' lang='lat' dir='ltr'>duas</span> <span class='ocrx_word' id='word_1_344' title='bbox 661 4138 774 4210; x_wconf 86' lang='lat' dir='ltr'>etiam</span> <span class='ocrx_word' id='word_1_345' title='bbox 799 4139 910 4213; x_wconf 88' lang='lat' dir='ltr'>dietas</span> <span class='ocrx_word' id='word_1_346' title='bbox 933 4133 1001 4208; x_wconf 84' lang='lat' dir='ltr'>iiifi</span> <span class='ocrx_word' id='word_1_347' title='bbox 1024 4137 1072 4209; x_wconf 82' lang='lat' dir='ltr'>ad</span> <span class='ocrx_word' id='word_1_348' title='bbox 1094 4129 1195 4206; x_wconf 80' lang='lat' dir='ltr'>casus</span> <span class='ocrx_word' id='word_1_349' title='bbox 1222 4132 1367 4205; x_wconf 84' lang='lat' dir='ltr'>arduos:</span> <span class='ocrx_word' id='word_1_350' title='bbox 1395 4129 1441 4203; x_wconf 87' lang='lat' dir='ltr'>ad</span> <span class='ocrx_word' id='word_1_351' title='bbox 1462 4126 1594 4227; x_wconf 88' lang='lat' dir='ltr'>bosque</span> <span class='ocrx_word' id='word_1_352' title='bbox 1619 4128 1729 4226; x_wconf 86' lang='lat' dir='ltr'>requi·</span> 
     </span>
     <span class='ocr_line' id='line_1_36' title="bbox 197 4226 1730 4414; baseline 0 -5"><span class='ocrx_word' id='word_1_353' title='bbox 197 4236 337 4409; x_wconf 61' lang='lat' dir='ltr'>inii</span> <span class='ocrx_word' id='word_1_354' title='bbox 354 4237 437 4332; x_wconf 45' lang='grc' dir='ltr'><em>Ψ</em></span> <span class='ocrx_word' id='word_1_355' title='bbox 460 4235 727 4413; x_wconf 62' lang='lat' dir='ltr'>ii&#39;i‘ieindifi‘</span> <span class='ocrx_word' id='word_1_356' title='bbox 746 4238 799 4412; x_wconf 71' lang='lat' dir='ltr'>l}</span> <span class='ocrx_word' id='word_1_357' title='bbox 815 4237 1066 4414; x_wconf 34' lang='lat' dir='ltr'>&amp;libii</span> <span class='ocrx_word' id='word_1_358' title='bbox 1082 4226 1730 4411; x_wconf 59' lang='lat' dir='ltr'>iittitirhi‘iti‘trisittl</span> 
     </span>
     <span class='ocr_line' id='line_1_37' title="bbox 193 4361 1732 4550; baseline -0.003 -39"><span class='ocrx_word' id='word_1_359' title='bbox 193 4361 422 4536; x_wconf 39' lang='lat' dir='ltr'>apperiofflbi</span> <span class='ocrx_word' id='word_1_360' title='bbox 459 4461 627 4537; x_wconf 85' lang='lat' dir='ltr'>appareat</span> <span class='ocrx_word' id='word_1_361' title='bbox 651 4363 931 4516; x_wconf 52' lang='lat' dir='ltr'>anpgonignsusp</span> <span class='ocrx_word' id='word_1_362' title='bbox 953 4438 1197 4538; x_wconf 86' lang='lat' dir='ltr'>episcoporum</span> <span class='ocrx_word' id='word_1_363' title='bbox 1221 4436 1418 4534; x_wconf 85' lang='lat' dir='ltr'>requiratur</span> <span class='ocrx_word' id='word_1_364' title='bbox 1444 4452 1598 4550; x_wconf 24' lang='lat' dir='ltr'>‘tanti-im</span> <span class='ocrx_word' id='word_1_365' title='bbox 1628 4433 1732 4549; x_wconf 43' lang='lat' dir='ltr'>&#39;intra</span> 
     </span>
     <span class='ocr_line' id='line_1_38' title="bbox 193 4532 1733 4633; baseline -0.004 -21"><span class='ocrx_word' id='word_1_366' title='bbox 193 4537 280 4614; x_wconf 78' lang='lat' dir='ltr'>duas</span> <span class='ocrx_word' id='word_1_367' title='bbox 305 4538 447 4631; x_wconf 88' lang='lat' dir='ltr'>dietas,</span> <span class='ocrx_word' id='word_1_368' title='bbox 476 4565 524 4614; x_wconf 90' lang='lat' dir='ltr'>an</span> <span class='ocrx_word' id='word_1_369' title='bbox 552 4543 589 4616; x_wconf 91' lang='lat' dir='ltr'>in</span> <span class='ocrx_word' id='word_1_370' title='bbox 617 4561 695 4618; x_wconf 89' lang='lat' dir='ltr'>tota</span> <span class='ocrx_word' id='word_1_371' title='bbox 722 4540 893 4617; x_wconf 86' lang='lat' dir='ltr'>dioecesi:</span> <span class='ocrx_word' id='word_1_372' title='bbox 919 4543 957 4613; x_wconf 93' lang='lat' dir='ltr'>in</span> <span class='ocrx_word' id='word_1_373' title='bbox 981 4559 1060 4615; x_wconf 81' lang='lat' dir='ltr'>tota</span> <span class='ocrx_word' id='word_1_374' title='bbox 1080 4561 1239 4633; x_wconf 88' lang='lat' dir='ltr'>namque</span> <span class='ocrx_word' id='word_1_375' title='bbox 1263 4535 1460 4626; x_wconf 80' lang='lat' dir='ltr'>iusliabent</span> <span class='ocrx_word' id='word_1_376' title='bbox 1486 4532 1647 4631; x_wconf 84' lang='lat' dir='ltr'>Episcopi</span> <span class='ocrx_word' id='word_1_377' title='bbox 1660 4553 1733 4605; x_wconf 88' lang='lat' dir='ltr'>cer·</span> 
     </span>
     <span class='ocr_line' id='line_1_39' title="bbox 198 4633 1729 4742; baseline -0.002 -27"><span class='ocrx_word' id='word_1_378' title='bbox 198 4659 295 4734; x_wconf 82' lang='lat' dir='ltr'>turri,</span> <span class='ocrx_word' id='word_1_379' title='bbox 314 4641 381 4716; x_wconf 75' lang='lat' dir='ltr'>ciii</span> <span class='ocrx_word' id='word_1_380' title='bbox 406 4665 480 4716; x_wconf 90' lang='lat' dir='ltr'>noir</span> <span class='ocrx_word' id='word_1_381' title='bbox 506 4639 555 4716; x_wconf 85' lang='lat' dir='ltr'>est</span> <span class='ocrx_word' id='word_1_382' title='bbox 575 4644 879 4742; x_wconf 71' lang='lat' dir='ltr'>praejudicandum</span> <span class='ocrx_word' id='word_1_383' title='bbox 907 4644 944 4716; x_wconf 93' lang='lat' dir='ltr'>in</span> <span class='ocrx_word' id='word_1_384' title='bbox 968 4641 1094 4716; x_wconf 78' lang='lat' dir='ltr'>dubio.</span> <span class='ocrx_word' id='word_1_385' title='bbox 1132 4637 1228 4712; x_wconf 89' lang='lat' dir='ltr'>Illud</span> <span class='ocrx_word' id='word_1_386' title='bbox 1264 4637 1313 4713; x_wconf 85' lang='lat' dir='ltr'>eii</span> <span class='ocrx_word' id='word_1_387' title='bbox 1339 4657 1476 4709; x_wconf 87' lang='lat' dir='ltr'>certum</span> <span class='ocrx_word' id='word_1_388' title='bbox 1514 4637 1606 4709; x_wconf 85' lang='lat' dir='ltr'>intra</span> <span class='ocrx_word' id='word_1_389' title='bbox 1636 4633 1729 4708; x_wconf 82' lang='lat' dir='ltr'>duas</span> 
     </span>
     <span class='ocr_line' id='line_1_40' title="bbox 193 4731 1728 4843; baseline -0.005 -27"><span class='ocrx_word' id='word_1_390' title='bbox 193 4741 306 4818; x_wconf 83' lang='lat' dir='ltr'>dietas</span> <span class='ocrx_word' id='word_1_391' title='bbox 326 4767 411 4817; x_wconf 84' lang='lat' dir='ltr'>non</span> <span class='ocrx_word' id='word_1_392' title='bbox 447 4763 590 4820; x_wconf 88' lang='lat' dir='ltr'>tantum</span> <span class='ocrx_word' id='word_1_393' title='bbox 616 4747 745 4843; x_wconf 85' lang='lat' dir='ltr'>requiri</span> <span class='ocrx_word' id='word_1_394' title='bbox 770 4743 1012 4843; x_wconf 88' lang='lat' dir='ltr'>episcoporum</span> <span class='ocrx_word' id='word_1_395' title='bbox 1039 4735 1243 4815; x_wconf 88' lang='lat' dir='ltr'>consensum</span> <span class='ocrx_word' id='word_1_396' title='bbox 1278 4737 1323 4812; x_wconf 86' lang='lat' dir='ltr'>ad</span> <span class='ocrx_word' id='word_1_397' title='bbox 1358 4735 1458 4810; x_wconf 84' lang='lat' dir='ltr'>casus</span> <span class='ocrx_word' id='word_1_398' title='bbox 1479 4737 1632 4823; x_wconf 83' lang='lat' dir='ltr'>arduos,</span> <span class='ocrx_word' id='word_1_399' title='bbox 1668 4731 1728 4808; x_wconf 88' lang='lat' dir='ltr'>sed</span> 
     </span>
     <span class='ocr_line' id='line_1_41' title="bbox 200 4836 1726 4946; baseline -0.005 -28"><span class='ocrx_word' id='word_1_400' title='bbox 200 4843 245 4918; x_wconf 84' lang='lat' dir='ltr'>ad</span> <span class='ocrx_word' id='word_1_401' title='bbox 268 4867 396 4920; x_wconf 87' lang='lat' dir='ltr'>ornnes</span> <span class='ocrx_word' id='word_1_402' title='bbox 418 4846 530 4919; x_wconf 83' lang='lat' dir='ltr'>etiam</span> <span class='ocrx_word' id='word_1_403' title='bbox 555 4845 757 4922; x_wconf 91' lang='lat' dir='ltr'>ordinarios</span> <span class='ocrx_word' id='word_1_404' title='bbox 782 4848 842 4946; x_wconf 87' lang='lat' dir='ltr'>qui</span> <span class='ocrx_word' id='word_1_405' title='bbox 865 4844 935 4919; x_wconf 83' lang='lat' dir='ltr'>sirit</span> <span class='ocrx_word' id='word_1_406' title='bbox 958 4845 1042 4936; x_wconf 79' lang='lat' dir='ltr'>iuris</span> <span class='ocrx_word' id='word_1_407' title='bbox 1065 4839 1274 4917; x_wconf 71' lang='lat' dir='ltr'>diaecesani:</span> <span class='ocrx_word' id='word_1_408' title='bbox 1303 4837 1406 4936; x_wconf 83' lang='lat' dir='ltr'>idqiie</span> <span class='ocrx_word' id='word_1_409' title='bbox 1431 4862 1506 4910; x_wconf 91' lang='lat' dir='ltr'>non</span> <span class='ocrx_word' id='word_1_410' title='bbox 1532 4836 1726 4910; x_wconf 78' lang='lat' dir='ltr'>tantiimttt</span> 
     </span>
     <span class='ocr_line' id='line_1_42' title="bbox 195 4931 1729 5045; baseline -0.003 -28"><span class='ocrx_word' id='word_1_411' title='bbox 195 4939 273 5020; x_wconf 81' lang='lat' dir='ltr'>suits</span> <span class='ocrx_word' id='word_1_412' title='bbox 299 4944 469 5044; x_wconf 89' lang='lat' dir='ltr'>episcopis</span> <span class='ocrx_word' id='word_1_413' title='bbox 502 4946 676 5025; x_wconf 70' lang='lat' dir='ltr'>‘habeatur</span> <span class='ocrx_word' id='word_1_414' title='bbox 713 4947 854 5040; x_wconf 86' lang='lat' dir='ltr'>honos,</span> <span class='ocrx_word' id='word_1_415' title='bbox 889 4945 1019 5024; x_wconf 85' lang='lat' dir='ltr'>sedne</span> <span class='ocrx_word' id='word_1_416' title='bbox 1052 4939 1234 5045; x_wconf 81' lang='lat' dir='ltr'>potcstatis</span> <span class='ocrx_word' id='word_1_417' title='bbox 1257 4937 1344 5015; x_wconf 85' lang='lat' dir='ltr'>fines</span> <span class='ocrx_word' id='word_1_418' title='bbox 1371 4931 1640 5013; x_wconf 84' lang='lat' dir='ltr'>transiliantttr.</span> <span class='ocrx_word' id='word_1_419' title='bbox 1679 4931 1729 5012; x_wconf 83' lang='lat' dir='ltr'>Et</span> 
     </span>
    </p>
   </div>
   <div class='ocr_carea' id='block_1_7' title="bbox 190 5035 1730 5221">
    <p class='ocr_par' dir='ltr' id='par_1_9' title="bbox 190 5035 1730 5221">
     <span class='ocr_line' id='line_1_43' title="bbox 190 5035 1730 5221; baseline -0.008 -97"><span class='ocrx_word' id='word_1_420' title='bbox 190 5050 342 5145; x_wconf 77' lang='lat' dir='ltr'>quanin</span> <span class='ocrx_word' id='word_1_421' title='bbox 367 5045 578 5128; x_wconf 83' lang='lat' dir='ltr'>constitutio</span> <span class='ocrx_word' id='word_1_422' title='bbox 600 5042 752 5149; x_wconf 76' lang='lat' dir='ltr'>praesens</span> <span class='ocrx_word' id='word_1_423' title='bbox 777 5044 881 5128; x_wconf 82' lang='lat' dir='ltr'>sator</span> <span class='ocrx_word' id='word_1_424' title='bbox 903 5045 977 5149; x_wconf 80' lang='lat' dir='ltr'>stt,</span> <span class='ocrx_word' id='word_1_425' title='bbox 1015 5047 1185 5221; x_wconf 71' lang='lat' dir='ltr'>ideoqueP</span> <span class='ocrx_word' id='word_1_426' title='bbox 1204 5039 1443 5145; x_wconf 83' lang='lat' dir='ltr'>ampliandus:</span> <span class='ocrx_word' id='word_1_427' title='bbox 1469 5035 1730 5213; x_wconf 58' lang='lat' dir='ltr'>ampliagpnta·</span> 
     </span>
    </p>
   </div>
   <div class='ocr_carea' id='block_1_8' title="bbox 0 0 1936 5686">
    <p class='ocr_par' dir='ltr' id='par_1_10' title="bbox 0 0 1936 5686">
     <span class='ocr_line' id='line_1_44' title="bbox 0 0 1936 5686; baseline 0 1"><span class='ocrx_word' id='word_1_428' title='bbox 0 0 1936 5686; x_wconf 95' lang='lat' dir='ltr'> </span> 
     </span>
    </p>
   </div>
  </div>
 </body>
</html>
