3864 5686
150 333 152 336 >
254 305 326 383 512
617 258 1265 362 ‘onata-artonis

200 425 386 501 nationem
404 417 686 498 'discordantium
709 423 743 514 iu
768 422 983 497 novitatibus
1009 424 1220 498 clericorum
1239 414 1458 498 subverfione
1477 418 1624 497 liceret.
1651 409 1724 498 Ita·

224 553 268 605 ue
292 551 376 601 cum
398 524 472 599 tale
499 523 631 621 aliquid
657 523 812 618 accidit,
835 524 960 599 vicinis
987 526 1186 605 vicinarum
1206 521 1434 602 eccleliarum
1458 520 1650 623 inspetlio,
1666 522 1723 600 dc·

200 551 368 725 ictiptio,
393 618 614 722 recensioque
640 650 756 700 rerum
782 629 997 703 mandatur.

282 728 373 827 ¹Sed
398 730 482 825 quid
507 725 567 803 fiet
593 726 650 802 ubi
676 726 772 826 Papa
797 731 841 802 de
867 725 1149 804 administratore
1173 725 1410 803 substituendo
1434 749 1508 803 non
1541 723 1721 823 providit,

202 834 337 909 &non
361 828 665 947 eliCapieulum,
691 829 788 918 cuius
825 830 1078 944 negligentiam
1104 828 1276 929 suppleat
1294 827 1623 927 Metropolitanus,
1663 848 1721 905 ant

4 1030 8 1039 Ι
124 957 128 963 ·
202 927 438 1031 suffraganeus
464 933 663 1030 anttquior,
701 952 763 1006 aut
791 933 938 1009 vicinior
972 953 1070 1020 Juxta
1096 931 1351 1007 Tridentinum
1386 921 1720 1026 (a),·»i(cata³·fi⁸.

202 1041 256 1110 De
274 1033 377 1134 suppl.
389 1037 470 1134 negl.
479 1036 574 1110 Prael.
585 1035 617 1106 in
632 1037 695 1108 ό..)
727 1030 847 1122 casus,
872 1032 1025 1128 contigit
1061 1034 1250 1131 aliquando
1288 1035 1326 1109 in
1351 1029 1508 1106 Ecclesia
1543 1030 1721 1108 Touana

99 1153 103 1159 “
202 1135 326 1229 nenst,
352 1135 413 1211 ubi
433 1134 642 1234 Capitulum
666 1155 818 1232 quatuor
853 1155 916 1210 aut
941 1135 1092 1233 quinque
1119 1134 1347 1232 praebendatis
1373 1130 1535 1209 constant
1571 1131 1720 1225 motio,

201 1239 343 1336 quando
367 1233 827 1329 haec“futbuntur,a0um
851 1233 899 1317 est
926 1237 1083 1328 inuno,
1108 1241 1144 1313 ὃ(
1169 1236 1259 1311 olim
1285 1230 1462 1310 redaitum
1486 1231 1536 1310 est
1571 1235 1622 1310 ad
1653 1238 1723 1312 nui·

203 1340 303 1430 lum,
329 1362 472 1414 mortuo
497 1340 606 1414 etiam
631 1340 690 1439 qui
717 1337 901 1434 Vicarium
938 1337 1065 1436 agebat
1090 1334 1356 1436 capitularem.
1393 1332 1432 1412 P.
1458 1334 1583 1412 Petnrs
1615 1333 1723 1414 Lora·

202 1464 251 1514 no
278 1443 314 1515 in
338 1439 393 1516 Μ.
419 1440 457 1519 S.
484 1439 555 1531 (b)
582 1441 719 1539 inquit:
744 1439 974 1539 Respondieron
996 1440 1056 1515 del
1089 1436 1181 1516 Peru
1206 1441 1244 1514 lo
1269 1463 1336 1538 que
1361 1461 1397 1512 es
1421 1440 1522 1514 llano
1552 1462 1606 1513 en
1630 1439 1724 1515 dcte·

203 1542 294 1634 cho,
318 1567 386 1640 que
422 1542 552 1640 podian
586 1547 680 1632 (los
712 1563 840 1641 quatro
876 1538 1119 1618 Beneficiados
1151 1566 1201 1619 no
1235 1539 1475 1641 prebendados
1509 1540 1555 1615 de
1592 1539 1631 1614 la
1655 1540 1722 1618 Ca·

203 1642 340 1721 thedral
363 1650 379 1733 )
405 1645 572 1742 procedet
598 1648 619 1718 a
644 1643 802 1718 eleccion
827 1644 871 1719 de
900 1643 1044 1719 Vicario
1070 1646 1230 1720 General.
1494 1703 1504 1717 .
1536 1651 1544 1667 ⁰
1686 1648 1716 1671 ‘'

303 1744 482 1823 Videndus
507 1764 629 1823 tamen
654 1742 860 1822 Bencdidius
884 1742 983 1822 XIV.
1010 1748 1102 1835 (c),
1126 1746 1186 1842 qui
1213 1743 1395 1844 postquam
1414 1704 1723 1838 restituenti-

226 1846 316 1924 itulo
340 1845 525 1931 Viearium
550 1838 678 1945 eligere
703 1848 924 1944 negligente,
947 1847 1155 1922 cleiiioucm
1183 1847 1219 1920 in
1245 1845 1401 1926 Ecclesia
1432 1840 1725 1953 suffraganeam

168 1981 170 1984 ·
245 1950 543 2047 etropoliranum,
570 1949 606 2023 in
632 1946 914 2044 Metropolitana
941 1949 986 2023 ad
1012 1949 1271 2045 antiquiorem,
1310 1950 1348 2022 in
1373 1949 1725 2049 exempta-adpro

200 2048 424 2150 pinquiot'em
449 2055 645 2148 pertinere,
670 2048 805 2128 subdit:
833 2051 922 2123 Idem
942 2049 1023 2138 juris
1048 2046 1118 2141 est,
1144 2046 1171 2122 st
1195 2047 1340 2125 ecclesia
1362 2072 1492 2123 vacans
1516 2070 1640 2127 carcat
1655 2048 1728 2127 Ca·

199 2154 339 2251 pitulo,
365 2153 386 2226 ὲ
411 2177 483 2250 quo
506 2150 855 2238 Vieariusconliitui
881 2160 1009 2247 queat.
1034 2149 1072 2225 st
1100 2172 1222 2227 tamen
1247 2150 1433 2248 contingat
1455 2173 1575 2226 vacare
1596 2150 1720 2226 Eccle-

201 2252 289 2339 siam
314 2249 569 2350 suffraganeam
607 2272 786 2327 carentem
810 2249 980 2348 Capitulo
1018 2272 1175 2349 tempore
1199 2277 1272 2351 quo
1295 2253 1407 2327 etiam
1443 2249 1721 2350 Metropolitana

199 2353 250 2431 est
274 2353 337 2430 suo
362 2355 497 2450 pallore
521 2354 687 2446 viduata,
713 2354 750 2427 in
775 2352 844 2426 hoc
870 2351 1182 2453 casueletiionem
1209 2354 1343 2430 Vicarii
1369 2376 1444 2428 non
1469 2354 1651 2453 expetara
1681 2352 1724 2429 atl

202 2457 440 2555 antiquiorem
463 2478 509 2531 ert
532 2451 780 2554 suffraganeis,
806 2473 847 2528 ut
872 2456 1035 2545 nonnulli
1061 2455 1321 2551 opinabantur,
1359 2452 1419 2537 sed
1444 2454 1493 2533 ad
1508 2452 1725 2631 ⁴Cepitulnq

199 2559 357 2642 vacantis
381 2555 547 2634 Ecctefiae
571 2555 696 2631 Metro
742 2556 861 2633 litanae
870 2554 1044 2653 ,censuit
1071 2554 1180 2631 Sacta
1206 2554 1349 2654 Congre
1375 2556 1457 2639 atio-
1474 2555 1536 2634 co
1587 2558 1675 2642 ‘litu

199 2685 269 2759 qua
295 2685 377 2733 cum
402 2656 584 2758 quaesttum
619 2580 741 2732 tuitii
773 2680 804 2732 t.
842 2655 901 2731 An
926 2677 1075 2735 vacante
1111 2655 1267 2733 Ecclesia
1301 2657 1337 2733 su
1367 2681 1519 2756 ¹aganea
1558 2657 1725 2758 Capitulo

200 2780 367 2851 carente,
394 2761 487 2835 illius
512 2757 791 2850 administratio,
817 2761 854 2834 dt
878 2758 1011 2834 Vicarii
1036 2757 1115 2834 sede
1141 2781 1292 2859 vacante
1314 2760 1494 2857 deputatio
1527 2763 1661 2856 spedict
1682 2759 1724 2836 ad

196 2860 542 2957 Metropolitanum,
568 2863 604 2936 ὅ(
627 2879 797 2962 quatenus
807 2859 960 2943 Ecclesia
983 2857 1265 2959 Metropolitana
1291 2859 1422 2960 pastore
1442 2867 1592 2937 careat?
1621 2885 1655 2937 2.
1668 2861 1725 2936 An

198 2959 325 3060 spediet
350 2964 396 3052 ad
420 2960 629 3056 Capitulum
655 2959 806 3052 ejusdem
833 2958 1334 3061 Ecclesiae-Metropolitanus,
1360 2961 1556 3060 perpetius
1591 2964 1640 3038 ad
1667 2988 1722 3038 an·

144 3139 151 3150 ·
198 3063 391 3263 illut
404 3058 959 3265 ,iiiiiiiuniassiffiiiiii
983 3063 1581 3264 ,induitintuit
1612 3065 1722 3247 dal·

198 3290 266 3368 que
290 3262 493 3366 responsum
517 3266 615 3344 dedit
645 3265 859 3368 14.·Aprilis
886 3264 996 3366 1685.
1021 3266 1211 3370 Hucusque
1236 3269 1408 3353 Summus.
1432 3267 1600 3353 Auum.
1650 3268 1671 3339 l

513 3467 1103 3551 ORDINATIO
1194 3470 1399 3553 'CDLXIL

732 3568 842 3648 Anno
871 3594 979 3673 1705.
1018 3592 1081 3672 30.
1105 3570 1188 3671 Jan.
1306 3568 1310 3577 '
1347 3692 1348 3696 Ν
1385 3620 1387 3625 ,

177 3777 178 3781 '
290 3770 476 3853 Ecemitur
502 3799 544 3852 ac
568 3775 792 3871 declaratur,
817 3774 869 3865 ius
906 3781 974 3871 (1)
1001 3778 1164 3856 visitandi
1190 3781 1364 3882 regulares
1399 3780 1438 3859 in
1464 3781 1608 3902 iisque
1625 3781 1721 3856 'oon-

314 3899 463 3977 cernunt
499 3903 621 3955 curam
658 3881 990 3973 animarum(1t>,
1028 3908 1070 3958 ac
1104 3882 1410 3975 sacramentorum
1448 3879 1721 3962 administratio·

195 4004 302 4077 nem,
326 3980 603 4080 Archiepiscopo
639 3979 867 4074 uunitano,
904 3982 1048 4081 aliisque
1083 3981 1263 4085 Episcopis
1289 3987 1327 4059 in
1352 3983 1480 4063 insulis
1517 3981 1723 4084 Philippin'n

193 4086 287 4174 (111)
313 4104 550 4183 competere:
583 4107 697 4179 neque
721 4081 861 4157 eosdem
898 4086 1072 4184 regulares
1109 4088 1294 4184 parochias
1328 4084 1389 4162 seu
1426 4087 1634 4181 dost'rinas,
1666 4083 1721 4202 stp

118 4219 121 4223 >
192 4182 418 4260 censurarum
443 4182 587 4283 aliisque
624 4185 734 4282 poenis
758 4185 936 4261 dimittere
963 4183 1077 4283 polle.
1114 4183 1220 4283 Quia
1239 4187 1377 4276 scilicet,
1398 4187 1482 4266 diat
1519 4189 1718 4271 doctrinm

191 4281 375 4384 protestati
395 4305 521 4378 erant,
546 4281 581 4362 se
606 4284 724 4384 potitis
747 4287 836 4362 velle
862 4288 1047 4385 parochias
1071 4287 1247 4385 deserere,
1272 4291 1598 4389 quanti-fitutioni
1620 4283 1719 4368 lubes-

195 4380 251 4467 se·
277 4383 335 4464 Ex
357 4385 489 4467 Bullar.
516 4387 625 4469 Rom.
651 4385 696 4468 C.
723 4409 785 4485 71.
812 4384 942 4490 Incipit
970 4395 1055 4468 Cum
1069 4395 1181 4480 ficut.

1099 4803 1140 4823 „
1250 4766 1253 4772 .
1485 4748 1489 4756 ·
1591 4675 1680 4778 ao-

955 4821 1728 4862 *w

225 4955 287 5028 (ἶ)
308 4958 437 5031 ruas.
459 4984 504 5033 ²⁴·
523 4916 557 5022 c..
571 4966 624 5023 ¹6?
655 4963 716 5034 (b)
737 4968 870 5044 Mune,
890 4971 976 5037 conq.
995 4966 1045 5027 dei
1063 4969 1250 5042 Paragjtrc.
1264 4966 1435 5038 'Tm
1454 4954 1520 5043 m]
1545 4989 1593 5042 ¹2·

231 5035 287 5107 ‹0›
307 5039 338 5100 B·
355 5041 433 5101 XIV·
450 5041 502 5102 lib·
524 5062 551 5101 2·
568 5043 612 5106 D&
631 5041 730 5117 ὃμοια
747 5043 838 5114 ωας,
858 5065 884 5110 c,
903 5063 932 5117 2,
953 5063 984 5105 n,
1005 5065 1033 5106 ι,
1048 5065 1116 5118 με.
1135 5070 1189 5126 u·
1205 5108 1220 5129 ν
1387 5068 1390 5073 -
1536 5060 1540 5073 .
1607 5063 1611 5071 .
