3864 5686
247 333 318 405 166
667 320 1350 405 On-·n1uarruues·''

288 466 421 552 Dices:
446 490 532 567 ergo
558 464 668 543 modb
701 478 776 540 non
801 468 851 543 est
888 468 1030 542 licitum
1065 469 1341 543 matrimonium
1367 468 1405 541 iu
1429 467 1557 565 quinto
1582 466 1721 564 gradu,

192 565 259 643 nifi
283 569 370 643 dum
397 567 488 644 adfit
515 571 552 645 in
578 567 780 667 oppositum
803 570 898 644 ratio
922 594 992 668 qua
1018 569 1287 645 cohonestetur.
1314 568 1486 644 Concedo
1512 568 1727 667 consequen·

193 670 321 760 tiam;
356 667 415 743 sed
450 671 523 745 haec
560 673 654 747 ratio
678 695 752 746 non
777 671 880 748 debet
915 669 981 746 elle
1007 672 1189 769 peculiaria
1224 671 1545 765 contrahentium,
1582 671 1641 746 sed
1677 692 1727 745 ea

195 772 393 845 communis
418 769 570 865 sufficit,
595 799 674 872 quae
699 775 814 848 movit
850 771 1067 864 Ecclesiam,
1104 795 1144 847 ut
1180 776 1346 870 quintium
1370 774 1520 870 gradum
1556 775 1577 846 a
1602 772 1723 873 prohi-

187 873 322 947 bitione
358 871 574 950 secluderet.
601 876 712 950 Aliud
735 877 936 972 exemplum
962 871 1005 948 s1t
1020 876 1292 950 matrimonium
1317 875 1434 974 patrui
1468 899 1551 950 cum
1576 872 1722 951 sobrina

192 973 252 1049 scu
276 996 380 1074 nepte
405 972 479 1050 filia
504 973 645 1070 fratris,
670 978 768 1074 quod
802 978 900 1066 juxta
926 977 977 1051 D.
1018 974 1242 1052 Ambrosium
1266 975 1373 1075 Epist.
1410 983 1472 1052 66.
1511 976 1556 1052 ad
1594 974 1723 1050 Pater·

192 1100 302 1167 num,
327 1098 368 1151 ut
394 1073 498 1152 restrt
526 1079 685 1154 Sanchez
710 1084 778 1154 loc.
805 1081 890 1169 cit.,
918 1076 968 1152 est
991 1079 1065 1169 jure
1089 1100 1225 1153 natura
1250 1077 1491 1178 prohibitum,
1517 1080 1568 1153 ita
1591 1099 1721 1152 tamen

192 1197 233 1253 ut
269 1180 386 1276 aliqua
412 1182 561 1258 ratione
596 1180 696 1278 poffit
723 1179 923 1272 honestari,
949 1180 1131 1278 permitti,
1156 1185 1193 1256 bt
1217 1179 1424 1278 dispensari,
1451 1198 1491 1254 ut
1517 1203 1636 1254 recens
1647 1174 1721 1255 dis·

192 1278 383 1457 iensgunlb
402 1280 451 1355 est
476 1337 499 1375 „
515 1283 559 1359 ab
583 1281 738 1359 Ecclesia
763 1304 804 1358 ut
830 1282 1099 1357 contraheretur
1126 1284 1147 1355 a
1173 1280 1293 1358 Seren.
1329 1280 1491 1382 Principe
1528 1278 1725 1379 Portugai-

210 1404 250 1455 ιω
317 1436 325 1455 .
381 1404 480 1458 etro.

299 1482 477 1582 Suppono
502 1507 563 1582 4.,
590 1486 861 1563 matrimonium
886 1483 1003 1560 fratris
1028 1510 1113 1561 cum
1150 1485 1268 1560 sorore
1305 1481 1370 1557 eise
1397 1482 1734 1565 'fundamentaliter

194 1585 320 1660 saltem
347 1585 497 1661 vetitum
524 1609 658 1663 naturae
696 1591 795 1684 lege,
832 1586 921 1662 srcut
954 1587 1053 1677 juxta
1090 1586 1140 1662 D.
1180 1584 1408 1661 Ambrosium
1446 1586 1728 1660 matrimonium

196 1689 312 1786 patrui
341 1712 422 1760 cum
447 1686 610 1782 sobrina,
636 1714 746 1789 eoque
772 1688 916 1764 strictius
951 1713 1022 1787 quo
1048 1688 1162 1777 maior
1187 1687 1236 1763 esi
1271 1686 1447 1786 sanguinis
1479 1688 1728 1777 conjunciio..

121 1786 125 1795 ’
197 1789 257 1875 nn
283 1786 366 1861 verb
392 1788 433 1863 su
460 1791 569 1865 etiam
594 1788 792 1865 formaliter
818 1790 1032 1890 prohibitum
1058 1796 1094 1868 dr
1132 1792 1302 1872 irritum,
1342 1792 1392 1866 ita
1429 1809 1469 1863 ut
1501 1812 1732 1886 ,quacumque

194 1891 334 1964 ratione
371 1889 620 1966 interveniente
658 1893 891 1989 separandum
928 1890 1003 1985 stt,
1029 1892 1174 1966 dubium
1199 1891 1247 1966 est
1275 1892 1311 1964 in
1336 1916 1407 1989 quo
1433 1893 1536 1965 multi
1564 1911 1725 1987 negant,

196 1994 314 2091 plutes'
336 1989 537 2085 affirmant,
562 2018 649 2092 quos
674 1994 753 2068 vide
780 1995 872 2090 apud
896 1992 1072 2069 Authotes
1100 1991 1245 2091 paisun,
1274 1994 1489 2067 nominatim
1516 1993 1609 2090 apud
1635 1989 1748 2097 Sam.

201 2092 309 2184 chez,
334 2095 404 2169 loe.
429 2095 517 2186 cin,
544 2097 636 2192 apud
663 2096 823 2169 Dianam
849 2100 943 2186 (a),
969 2100 1005 2171 bc
1030 2095 1227 2169 Auendario
1254 2094 1349 2186 (b),
1375 2098 1434 2192 qui
1461 2092 1641 2167 sententie
1659 2116 1724 2177 ne,-

199 2197 333 2383 gativn7
351 2194 553 2288 majorem,
570 2219 612 2274 ut
637 2199 787 2294 opinor,
813 2198 1097 2294 probabilitatem
1123 2197 1312 2272 vindicata
1336 2193 1481 2271 censura
1508 2195 1564 2270 Ill.
1604 2194 1722 2271 Arau-

200 2295 238 2385 jo
264 2303 305 2386 (c
343 2350 351 2367 .
1745 2366 1749 2371 .

306 2397 362 2472 Ill.
402 2398 593 2474 Villarroel
618 2397 793 2474 Chilcnsrs
818 2395 1007 2499 Episcopus
1033 2401 1085 2476 ait
1110 2399 1158 2489 (d
1167 2404 1205 2489 ):
1232 2400 1272 2472 Si
1300 2398 1337 2492 se
1373 2394 1593 2474 convirtiesse
1630 2395 1651 2469 a
1686 2396 1724 2471 la

59 2582 64 2591 ,
198 2494 308 2575 leun
334 2522 473 2596 pagano
497 2499 603 2598 segun
629 2500 683 2576 sus
707 2502 787 2590 leies
812 2501 941 2576 calado
964 2526 1034 2576 con
1057 2501 1254 2592 hermana,
1282 2499 1316 2574 se
1353 2501 1391 2576 lo
1425 2499 1533 2573 havia
1566 2499 1611 2571 de
1648 2520 1728 2595 per-

198 2601 299 2675 mitit
322 2602 357 2674 la
384 2604 515 2699 Iglera.
544 2601 613 2675 Pro
631 2630 709 2709 ¹quo
735 2606 823 2676 citat
849 2603 1082 2689 Abulensem,
1134 2605 1168 2677 ui
1198 2626 1279 2677 eam
1304 2601 1517 2675 sententiam
1543 2598 1719 2673 succincti

198 2701 324 2799 probat
350 2707 440 2792 (e).
467 2704 630 2780 Thomas
653 2703 834 2795 Sarrehez,
860 2704 1019 2803 quamvis
1044 2730 1087 2780 ert
1108 2630 1284 2778 iententia
1310 2729 1418 2801 quam
1445 2702 1727 2800 probabiliorem

200 2823 325 2898 purat,
350 2803 479 2892 judicet
504 2802 571 2878 'esse
597 2804 853 2901 separandum,
880 2830 923 2879 ex
948 2807 1119 2903 negativae
1145 2805 1391 2904 probabilitate
1416 2804 1556 2893 subdit,
1595 2798 1728 2877 sanum

201 2900 268 2976 esse
294 2901 503 2997 consilium,
529 2926 569 2979 ut
596 2907 633 2978 in
657 2930 701 2981 eo
726 2908 960 2981 matrimonio
983 2911 1224 3007 relinquantur
1258 2905 1497 3004 aegreferentes
1534 2902 1733 3001 separatio·

199 3026 306 3081 nem.
326 3003 387 3086 Ut
415 3004 461 3081 fic
486 3003 626 3081 facilius
651 3005 848 3086 &suavius
881 3009 1100 3084 adducantur
1127 3010 1173 3085 ad
1200 3008 1344 3082 Fidem.
1370 3008 1425 3083 Ex
1460 3004 1655 3080 rationibus
1696 3010 1734 3082 dt

198 3100 446 3183 surrdamentis
470 3109 637 3209 utrinque
672 3110 811 3186 collatis
837 3110 916 3185 vide
943 3131 1005 3203 tu,
1030 3131 1110 3188 utra
1137 3109 1309 3191 sententia
1336 3109 1547 3208 probabilior
1574 3105 1641 3185 stt.

898 3322 928 3407 i.
982 3312 1044 3388 ΙΙ.

667 3520 841 3592 Sententiae
866 3518 1029 3616 negative
1047 3517 1271 3619 probationes.

193 3740 205 3759 ·
269 3716 437 3795 Robatur
463 3719 680 3795 authoritate
705 3720 757 3797 D.
784 3719 938 3797 Thomae
964 3727 978 3811 (
981 3720 1013 3817 f
1015 3730 1030 3809 )
1055 3721 1223 3797 dicentis.
1251 3721 1548 3796 incommixtim
1583 3723 1737 3813 conjun·

296 3822 431 3897 starum
457 3819 683 3919 personarum
710 3824 842 3920 aliquid
867 3823 916 3899 est
940 3826 1036 3923 quod
1061 3824 1112 3900 est
1136 3823 1327 3899 secundum
1352 3820 1392 3919 se⁸
1413 3823 1578 3899 indecens
1612 3829 1651 3901 d<
1676 3848 1734 3903 ut·

197 3936 365 4019 'pugnans
386 3920 551 4102 ηεῑιῑὶᾝ
569 3926 722 4018 rationi,
749 3924 837 3999 ficut
862 3929 956 4025 quod
983 3928 1193 4002 commixtio
1217 3924 1281 4002 fiat
1307 3926 1398 3999 inter
1423 3947 1583 4023 parentes
1623 3926 1663 4003 δι
1697 3922 1742 4001 sr-

196 4022 298 4129 iios,
325 4050 521 4124 quorume
559 4030 636 4126 -pe't
659 4027 695 4104 se
720 4032 756 4107 dt
782 4030 989 4103 immediata
1015 4030 1183 4127 cognatio
1210 4084 1218 4102 .
1249 4083 1258 4100 .
1286 4082 1294 4101 .
1322 4027 1413 4113 Aliae
1440 4025 1523 4102 verb
1549 4025 1733 4127 personae,

198 4148 282 4223 quae
308 4153 382 4203 non
418 4130 679 4226 conjunguntur
713 4129 905 4205 secumdum
932 4129 966 4205 se
994 4130 1101 4229 ipsas,¹
1116 4130 1186 4206 ¹sed
1210 4154 1270 4228 per
1295 4130 1457 4205 ordinem
1484 4130 1531 4203 ad
1566 4152 1738 4226 parentet

197 4246 287 4311 'non
305 4226 437 4309 habent
469 4252 516 4305 ex
551 4222 594 4303 fe'
611 4230 690 4328 ipsas
720 4233 979 4325 indecentiam,
1016 4227 1074 4307 sed
1100 4234 1256 4308 variatur
1281 4231 1472 4314 secundum
1496 4228 1565 4306 hoc
1605 4229 1742 4309 decen-

206 4330 270 4403 tia.
283 4331 340 4401 rel
367 4329 567 4405 iri'decentia
593 4331 1119 4427 secundumconsuetudinem,
1146 4340 1198 4408 vel
1224 4337 1338 4430 legem
1364 4333 1564 4408 humanam
1603 4335 1661 4408 vel
1687 4334 1742 4407 di-

197 4427 346 4504 arnam.
373 4428 415 4505 Id
443 4430 555 4527 ipsum
581 4432 769 4511 confirmat
795 4436 881 4510 dum
907 4438 958 4513 ait
984 4440 1083 4536 (g).·
1109 4443 1160 4509 De
1184 4440 1250 4537 lege
1274 4437 1431 4510 naturali
1448 4434 1506 4510 est
1530 4437 1633 4536 quod
1671 4460 1737 4533 pa·

1630 4558 1686 4612 tet
1720 4584 1723 4589 -
1778 4590 1781 4602 ·

234 4656 726 4685 *mn-.-
731 4660 1748 4696 ..mun-w-p--uae—-q--u

194 4834 231 4924 ,Ρ
244 4785 430 4923 saepen}
443 4788 542 4853 Cottii.
560 4805 663 4859 tenta·
683 4808 720 4853 tr.
744 4814 771 4851 1.
791 4797 827 4853 R.·
840 4800 886 4861 84.
904 4789 980 4910 Eup
1007 4856 1016 4866 μ
1035 4790 1093 4865 (d.)
1114 4793 1232 4869 mdis·
1251 4789 1317 4867 nab.
1337 4791 1413 4849 Eecl.
1432 4806 1498 4851 tunt.
1526 4810 1601 4871 ῃ.
1615 4806 1663 4865 aar
1683 4812 1748 4855 arr.

232 4904 305 5013 ’(ιζ)
319 4887 533 5009 honufrii.
557 4966 600 5000 η.
629 4945 722 5009 Tur.
741 4948 806 5009 nu.
824 4968 853 5004 n.
885 4916 977 5041 ,μ’
999 4889 1089 5018 'iii
1106 4891 1248 5017 hiatus.
1264 4952 1365 5026 uuest.
1388 4959 1453 5013 m.
1470 4948 1502 5005 ta
1524 4968 1549 5002 ι.
1569 4950 1639 5019 rog.
1661 4955 1689 5005 r.

207 5023 245 5077 Et
265 5022 297 5077 Ρ.
322 5023 479 5078 Μηέῖαν.
495 5024 569 5091 Μ.
592 5047 618 5088 4.
1033 5026 1044 5094 (
1056 5025 1087 5093 s)
1107 5029 1145 5085 D.
1165 5026 1224 5083 Tb.
1247 5048 1273 5083 a.
1295 5048 1321 5087 a·
1339 5044 1367 5097 q.
1389 5047 1453 5093 ¹5⁴·
1472 5042 1530 5085 arr.
1547 5046 1579 5093 9.
1597 5028 1640 5085 ad
1661 5048 1693 5096 3.-

250 5098 303 5160 iel
325 5104 457 5167 Arenio,
477 5102 569 5159 nu.
597 5102 639 5157 De
659 5105 736 5162 Stat.
755 5105 811 5162 cia.
833 5122 858 5172 q.
882 5126 908 5159 a.
1033 5104 1084 5177 (g)
1106 5107 1144 5162 D.
1164 5102 1338 5174 rinnau.
1352 5107 1643 5175 40.q.un..art.3.C.
