3864 5686
252 351 321 421 rm
575 313 1251 427 *Oumussuoms

197 480 243 544 ne
267 461 514 643 pcclesrasticas
551 462 713 564 personas
737 463 839 539 suam
873 478 997 537 contra
1023 484 1083 537 eos
1121 458 1290 549 justitiam
1327 456 1573 561 prosequentes
1604 486 1733 541 vexare

199 596 267 670 prae
284 593 444 645 umanrr

478 667 485 690 l

301 667 390 766 Qrae
414 694 497 744 vero
522 671 560 743 in
583 667 708 745 eadem
731 664 1061 745 Clementinarsuur
1097 663 1314 762 derogabilia
1339 666 1466 765 quippe
1491 666 1536 741 de
1572 665 1648 758 jure
1672 691 1742 744 eo,

200 770 414 867 clefiastim,
440 768 520 846 sunt
545 769 630 860 illa,
655 767 871 868 uttreligiofi
894 769 953 866 qui
972 767 1107 842 clericis
1125 787 1194 841 aut
1220 761 1324 841 lalcis
1342 767 1561 844 sacramenta
1591 771 1727 846 unttio-

201 877 253 949 nis
278 897 464 966 extrema,
492 874 546 947 vel
571 871 785 949 eucharistiae
808 870 1028 954 ministrare,
1056 868 1331 943 matrimoniave
1365 866 1617 963 solemnizare,
1652 896 1730 948 non

199 977 322 1053 habita
348 975 543 1076 paroecialis
580 971 764 1071 presbyteri
790 974 934 1047 licentia
969 971 1128 1071 speciali,
1163 989 1225 1044 aut
1258 972 1317 1068 qui
1353 975 1731 1049 excommunicatos&

200 1103 338 1154 canone
371 1081 436 1152 vel·
461 1075 634 1151 sententia
672 1100 732 1173 pet
757 1073 887 1150 statura
925 1073 1155 1172 provincialia
1182 1091 1244 1146 aur
1269 1070 1455 1166 synodalia
1492 1076 1730 1172 promulgatis

200 1167 374 1256 absolvere
400 1175 688 1277 praesumpserint,
721 1176 1096 1252 excommunicationis
1121 1175 1302 1248 incurrant
1327 1172 1540 1250 seutentiam
1565 1176 1640 1276 i'pso
1675 1175 1730 1253 sa·'

200 1285 255 1357 tto
281 1307 341 1380 per
364 1282 491 1357 Sedent
517 1278 759 1379 Apostolicam
784 1280 959 1353 duntaxat
985 1273 1203 1353 absolvendi.
1231 1273 1409 1365 Ejusmodi
1436 1275 1519 1352 verb
1555 1277 1734 1355 Clemem·

201 1385 282 1457 tinae
305 1384 517 1479 derogatur,
543 1402 725 1490 quatenus·
750 1376 978 1455 necessarium
1008 1376 1127 1453 srttad
1152 1377 1253 1467 usum
1277 1378 1543 1476 privilegiorum
1580 1383 1731 1458 canoni·

200 1485 242 1560 οὲ
266 1483 529 1575 concessorum,
556 1489 591 1560 dt
617 1482 829 1579 vigentium.
1528 1509 1541 1519 ·

253 1591 350 1683 (111)
375 1587 511 1684 Regalis
536 1585 765 1684 Caneqllariae.
793 1583 874 1658 Hac
900 1579 1052 1680 expressa
1086 1583 1316 1679 derogatione
1350 1607 1438 1680 opus
1462 1605 1561 1674 erar,
1587 1603 1629 1660 ut
1654 1584 1730 1661 Re·

199 1690 289 1786 gulis
312 1688 541 1762 Cancellariae
567 1688 776 1784 derogatum
802 1684 904 1776 esset,
930 1708 1015 1758 curn
1040 1683 1347 1781 illarumsRegula
1371 1705 1434 1777 71.
1472 1683 1514 1758 srt
1542 1687 1578 1759 in
1613 1685 1727 1785 publi·

197 1792 287 1865 caris
312 1816 373 1888 per
398 1787 625 1864 Clementem
650 1785 737 1863 xlr.
767 1792 863 1877 (alt
889 1787 987 1894 Quod
1011 1786 1158 1884 Regulis
1182 1785 1414 1862 Cancellariae
1433 1811 1617 1884 nunquam
1643 1811 1730 1864 cen·

200 1890 317 1968 seatur
342 1894 553 1988 derogatum
578 1890 616 1964 in
641 1886 913 1986 quibuscumque
936 1886 1264 1981 constitutionibus,
1291 1888 1436 1980 litteris,
1463 1887 1646 1981 brevibus,
1672 1890 1730 1965 in-

197 1994 332 2085 dultis,
351 1999 386 2069 dr
413 1992 491 2066 aliis
515 1991 797 2066 ordinationibus
825 1989 1043 2086 apostolicis,
1068 1990 1178 2063 etiam
1204 2010 1309 2064 motu
1333 1989 1496 2085 proprio,
1524 1995 1558 2067 dt
1584 2014 1629 2066 ex
1651 2015 1727 2064 cer-

198 2113 236 2169 ta
261 2093 405 2170 scientia
431 2095 624 2184 emanatis,
651 2115 710 2189 per
735 2102 972 2189 'quaecumque
998 2090 1100 2164 ve'rba
1135 2092 1336 2167 &decreta
1361 2092 1609 2186 derogatoria,
1646 2088 1729 2167 irri-

110 2197 112 2200 ‘
196 2197 333 2284 tantia,
358 2193 591 2285 universalia,
618 2200 652 2272 bt
678 2192 910 2290 amplissima,
937 2198 972 2269 dr
998 2191 1168 2267 clausulas
1193 2197 1416 2292 quantumvis
1441 2189 1726 2288 efficacissimas,

197 2295 265 2371 uisr
291 2294 383 2381 sada
408 2293 519 2375 fuerit
539 2298 583 2371 de
609 2297 677 2371 illis
702 2292 854 2391 expressa
879 2295 1037 2370 mentio.

540 2498 1125 2578 OR‘DINATIO
1200 2499 1431 2580 LXXXVI.

837 2602 1137 2701 Ann01556w‘
1232 2631 1235 2634 ·

242 2800 344 2879 Dem
367 2803 499 2886 Paulus
526 2801 590 2877 lv.
630 2804 675 2879 ad
708 2804 912 2881 instantiam
939 2805 1099 2905 Magistri
1125 2804 1313 2883 Generalis
1351 2804 1494 2881 Ordinis
1518 2803 1735 2880 Praedicato-

139 2921 145 2930 “
264 2930 345 2991 rum
378 2909 500 2981 omnia
537 2905 821 3003 praedecessorrun
854 2910 1032 3006 privilegia
1058 2907 1176 2982 denub
1202 2909 1401 3000 concessu,
1440 2905 1613 3004 verbisque
1650 2932 1736 2982 am·

191 3005 351 3108 plissunis
387 3010 666 3084 communicavit
702 3012 826 3084 ornnia
862 3012 939 3085 aliis
974 3010 1155 3094 ordinibus
1181 3008 1362 3103 concessa,
1389 3016 1424 3088 dt
1460 3006 1687 3084 confirmavit
1720 3062 1734 3101 ,

193 3114 268 3183 non
295 3109 437 3185 tannim
462 3109 666 3208 pontificia,
693 3111 753 3186 sed
779 3114 930 3208 regalia.
970 3112 1026 3186 Ita
1064 3113 1198 3188 laudati
1226 3113 1417 3210 Regulares
1459 3109 1643 3186 Mexicani
1678 3130 1731 3184 res

192 3207 321 3285 stantes
345 3233 465 3287 extare
491 3213 591 3287 breve
620 3216 707 3310 typis
733 3216 869 3289 editum
897 3216 987 3289 inter
1012 3213 1190 3313 privilegia
1216 3212 1515 3289 Praedicarorume
1538 3211 1645 3290 Unde
1671 3212 1727 3285 in·

191 3307 331 3405 serunt,
359 3316 536 3412 privilegia
562 3317 724 3412 quaedam
752 3318 771 3387 a
798 3317 951 3413 Regibus
974 3315 1174 3390 Catholicis
1201 3321 1264 3411 pro
1289 3315 1397 3390 Novo
1419 3314 1518 3390 Orbe
1546 3316 1582 3388 in
1621 3309 1726 3388 favo-

192 3436 269 3489 rem
294 3415 506 3512 regularium
532 3413 710 3505 concessa,
738 3442 797 3513 per
822 3417 1025 3513 prasentem
1062 3414 1371 3491 confirmationem
1398 3412 1569 3493 devenisse
1603 3439 1648 3490 ex
1674 3437 1731 3488 re·

191 3514 327 3610 galibus
351 3520 420 3602 (1)
449 3518 577 3611 regalia
603 3514 705 3594 simul
731 3524 766 3592 dt
792 3517 993 3614 pontificia.
1021 3518 1270 3610 Nominatim‚
1298 3522 1419 3610 ajunt,
1445 3520 1540 3616 quod
1553 3517 1722 3614 Princeps

191 3613 333 3712 Joanna
359 3642 422 3711 pro
451 3617 547 3713 Rege
574 3616 816 3692 Gubernatrlx
844 3619 1040 3694 Vallil'oleti
1078 3620 1242 3694 concessit
1270 3645 1365 3695 anno
1398 3639 1506 3718 1557.
1545 3624 1654 3710 (11),
1681 3638 1730 3693 ne

192 3718 277 3815 quid
304 3719 535 3793 innovaretur·
558 3720 703 3792 clericos
730 3725 767 3794 in
792 3721 956 3796 dostrinis
982 3747 1045 3821 pro
1064 3720 1231 3818 religiosis
1257 3721 1473 3798 instituendo
1485 3728 1558 3813 ,-.&
1584 3743 1728 3818 nepro·

191 3814 398 3893 hibererrtur
423 3819 572 3915 religiost
597 3819 899 3898 sacramentorum
926 3822 1253 3899 administratione:
1288 3829 1323 3901 dt
1350 3846 1389 3899 ut
1415 3823 1628 3902 monasteria
1663 3817 1728 3896 fie-

193 3941 271 3995 rent
298 3926 396 4010 (111)
422 3946 504 3996 cum
532 3925 686 4021 protegis
714 3927 837 4017 venia,
874 3929 974 4002 nullo
999 3925 1240 4025 episcoporum
1265 3924 1430 4025 requisito
1464 3922 1655 4001 consensu:
1689 3927 1728 3999 dt

189 4042 236 4095 ue
262 4023 376 4096 clerici
400 4023 596 4100 visitatores
623 4031 717 4115 (tv)
744 4029 881 4104 adirent
908 4029 1079 4103 Indorum
1104 4028 1261 4125 oppida:
1297 4033 1333 4105 dt
1358 4029 1498 4126 quoda
1535 4027 1634 4122 Rege
1661 4048 1730 4098 an·

189 4142 241 4197 uo
271 4148 378 4220 ¹559·
405 4128 588 4201 decretum
613 4127 683 4220 est,
710 4153 754 4202 nc
780 4130 824 4202 dc
851 4129 1016 4228 religiosis
1042 4128 1219 4204 saculares
1246 4134 1327 4218 (v)
1355 4128 1576 4226 magistratus
1605 4127 1726 4224 publi-

186 4227 241 4298 cis
267 4246 327 4298 aut
353 4222 491 4301 stereus
517 4227 828 4304 insormarionibus
852 4233 977 4306 darent
1004 4255 1179 4330 operam,
1206 4233 1360 4329 &quod
1386 4235 1407 4305 a
1434 4232 1545 4327 Regia
1587 4225 1731 4302 Mexici

193 4329 403 4402 cancellaria
429 4330 636 4405 ordinatum
663 4331 712 4405 esl
740 4357 837 4426 auno
869 4355 1000 4430 r57o.,
1027 4355 1068 4407 ut
1094 4334 1211 4408 clerici
1238 4340 1274 4410 dt
1299 4337 1475 4431 regulares
1497 4334 1532 4406 in
1559 4327 1732 4427 suoquis÷

190 4451 258 4526 que
282 4426 436 4504 distrislu
462 4429 568 4506 essent
607 4430 907 4510 sacramentorum
935 4434 1104 4509 ministri.
1143 4435 1254 4522 Haec,
1294 4436 1478 4532 inquiunt,
1514 4432 1640 4508 omnia
1669 4454 1731 4531 per

190 4528 395 4626 praesentem
420 4535 684 4608 ordinationem
698 4537 769 4624 jam
796 4532 879 4618 suutw
901 4539 1081 4634 privilegia
1109 4535 1561 4634 pontificiastapostolica.
1589 4529 1734 4629 Quodsi

133 4713 136 4730 .
188 4633 234 4706 de
259 4631 457 4721 hujusmodi
485 4636 672 4733 privilegiis
697 4638 842 4711 dubium
869 4640 1010 4737 aliquod
1036 4659 1215 4736 emergat,
1242 4640 1318 4713 vult
1337 4636 1501 4714 Pontifex
1530 4641 1566 4713 in
1594 4636 1731 4712 eodem

189 4731 306 4826 brevi,
332 4760 371 4810 ur
399 4737 435 4811 in
462 4759 600 4836 partem
638 4735 924 4837 savprabiliotem
950 4742 1172 4832 dirimatur,
1198 4743 1362 4816 omnibus
1389 4740 1506 4815 ablata
1544 4739 1649 4813 aliter
1678 4740 1736 4814 in·

1068 4882 1070 4888 ·
1609 4858 1675 4915 ter-

227 5060 284 5130 (a)
306 5064 414 5120 sallat.
433 5066 510 5122 Rana
533 5080 597 5121 tam.
622 5087 666 5133 ις.
683 5068 719 5124 C.
743 5088 768 5122 a.

573 5184 620 5245 f
650 5191 685 5225 κ
