3856 5678
534 279 1042 361 Atosnontca.
1097 291 1219 378 165a.-
1263 298 1372 379 1700.
1426 344 1431 399 ‚¹
1598 302 1674 383 437

190 422 297 527 possit
321 411 439 522 postea
465 421 504 496 in
538 422 708 520 petitorio
734 441 795 496 aut
832 414 1032 519 possessorio
1059 417 1083 492 d·
1113 444 1295 518 quoquam
1319 412 1432 500 etiam
1463 427 1602 501 ratione
1636 425 1720 514 iuris

194 529 336 604 noviter
364 525 542 623 impetrati
568 526 766 615 molestari,
792 543 942 617 excepto
967 519 1172 596 hostilitatis
1194 521 1296 616 casu,
1322 525 1377 598 vel
1399 527 1542 602 alterius
1566 528 1719 626 legitimi

189 629 460 724 impedimenti,
486 626 627 722 dequo
653 624 834 723 protestari
870 630 904 700 ὅ(
937 623 1036 710 juxta
1073 621 1278 697 Concilium
1315 624 1487 702 Vienense
1513 629 1601 702 illud
1637 630 1721 704 inti-

189 746 510 808 meretricantur.
537 727 704 825 thuod
732 725 914 801 triennalis
952 720 1112 821 possessor
1137 723 1346 799 defendatur
1372 729 1410 800 in
1444 729 1608 820 iudicio,
1644 754 1720 804 non

187 851 337 909 tantum
364 828 585 927 possessorio,
611 828 669 901 sed
694 832 790 924 quod
813 824 974 923 expressit
999 824 1204 900 Concilium
1229 824 1457 920 Bastleense,
1495 831 1607 905 etiam
1634 830 1721 926 peti·

185 937 312 1024 torio,
338 931 463 1030 probat
492 927 568 1003 usus
595 931 735 1026 dequo
762 927 909 1003 testatur
934 926 1137 1002 Ludovicus
1163 927 1302 1001 Gomez
1329 931 1423 1027 apud
1450 929 1721 1027 Illvrrurtgoi·

187 1036 220 1111 ti
247 1039 323 1122 (a)
350 1032 492 1106 dicens:
518 1033 573 1103 Ex
597 1027 657 1124 usu
681 1031 873 1123 videmus,
907 1030 1015 1104 hodie
1052 1026 1252 1127 possessores
1289 1031 1479 1109 triennales
1514 1029 1655 1109 defendi
1683 1032 1742 1165 itp‘*

191 1152 352 1225 utroque.
1551 1222 1554 1227 ι
1706 1168 1713 1199 f
1808 1218 1810 1225 Ι

293 1231 403 1329 Qrod
429 1234 611 1308 triennalis
637 1227 794 1333 poffeffio
817 1233 870 1324 ius
895 1233 945 1309 ita
972 1230 1133 1309 conferat
1159 1231 1331 1332 possessori
1349 1256 1436 1328 ,ut
1470 1239 1509 1312 in
1543 1234 1722 1312 conscien·
1809 1228 1814 1307 l

180 1341 245 1418 tia
271 1334 374 1436 possit
400 1359 545 1437 psanere
570 1333 729 1427 securus,
758 1357 864 1435 negat
890 1333 950 1410 lll.
970 1334 1206 1415 Covarrubias
1230 1334 1299 1428 (b)
1324 1340 1468 1432 dicens,
1493 1339 1721 1439 quodetiam
1760 1410 1770 1429 ,

188 1441 288 1518 sona
313 1435 383 1512 fide
406 1437 553 1512 obtenta
580 1441 616 1514 dc
642 1440 748 1512 titulo
773 1443 938 1513 colorato
961 1423 1136 1530 munilas‘,
1163 1462 1238 1512 non
1262 1440 1378 1516 reddit
1414 1437 1633 1542 possessorem
1667 1459 1722 1514 tu·

193 1565 274 1618 tum
300 1543 337 1615 in
363 1539 603 1631 conscientia,
638 1547 674 1616 dt
711 1541 820 1616 teneri
845 1536 1056 1615 beneficium
1089 1541 1290 1615 dimittere.
1326 1540 1359 1617 E
1384 1547 1529 1640 regione
1564 1540 1604 1616 P.
1632 1542 1721 1616 San·

192 1645 282 1721 chez
310 1647 403 1731 (c),
430 1666 536 1739 quem
562 1639 715 1740 sequitur
739 1640 942 1716 Cardinalis
967 1640 1012 1714 de
1036 1639 1140 1739 Lugo
1166 1642 1260 1732 (d),
1286 1639 1390 1718 sentit
1415 1642 1586 1720 beneficio
1621 1643 1721 1718 diua
1815 1714 1824 1725 ,,

191 1747 321 1843 regulae
346 1742 443 1816 reddi
470 1743 507 1816 in
533 1763 684 1840 utroque
709 1740 790 1819 soro
816 1761 955 1834 tutum,
984 1743 1129 1820 seruatis
1153 1742 1419 1820 conditionibus
1435 1745 1541 1836 aliis,
1567 1770 1653 1844 quas
1673 1739 1750 1818 ibt‘·'
1820 1752 1825 1761 ‘

191 1862 381 1924 enumerat
404 1843 585 1918 Sanchez.
612 1844 660 1920 Et
685 1848 779 1920 ratio
804 1846 898 1919 illius
930 1840 1002 1936 eil,
1043 1868 1075 1919 1.
1100 1847 1184 1944 quia
1212 1845 1393 1922 triennalis
1429 1844 1587 1946 polieffio
1618 1846 1723 1943 aequi·

193 1951 290 2024 valet
315 1940 586 2044 praescriptioni,
613 1971 804 2045 perquam
832 1947 977 2023 titulum
1002 1941 1156 2022 conferri
1181 1971 1305 2033 verum
1329 1947 1468 2025 constat
1492 1975 1535 2022 ex
1559 1970 1629 2044 cap.
1655 1949 1686 2018 C
1686 1970 1723 2019 u-

191 2075 260 2127 ra.
291 2069 349 2123 ιι.
374 2052 428 2124 De
444 2048 518 2146 jur.
541 2063 692 2146 patron..
723 2073 755 2122 2.
782 2045 880 2146 Quia
906 2049 992 2123 licet
1018 2049 1142 2136 titulus
1164 2044 1467 2144 eslet'inualidus,
1494 2046 1591 2145 Papa
1619 2046 1723 2121 illum

191 2151 349 2228 validare
375 2148 512 2246 potest:
538 2154 575 2226 dt
598 2149 693 2324 {uod
719 2150 869 2226 voluerit
894 2149 1092 2242 suadetur,
1122 2150 1205 2248 quia
1232 2150 1393 2250 alioquin
1427 2176 1503 2228 nou
1534 2149 1618 2226 satis
1645 2171 1725 2246 pro·
1823 2174 1826 2178 ·

181 2255 336 2333 -videtur
359 2248 423 2324 lini
449 2275 471 2325 a
495 2249 601 2326 Ponti
627 2274 669 2326 ce
694 2251 823 2345 intenti
846 2252 926 2325 lites
950 2256 987 2330 dt
1010 2249 1189 2349 scmpulos
1213 2251 1369 2328 vitandi.
1608 2278 1611 2329 t
1643 2338 1659 2361 .

251 2358 334 2442 (v)
359 2356 488 2424 Coram
507 2349 567 2442 suo
584 2349 718 2447 jndice.
750 2352 823 2426 Sed
857 2348 1017 2447 quisnam
1043 2351 1092 2426 est
1126 2351 1205 2426 suus
1229 2353 1333 2439 iudex
1354 2358 1370 2426 ἲ
1394 2354 1432 2430 Si
1460 2378 1536 2430 reus
1555 2338 1725 2429 intentet

195 2452 397 2530 remedium
422 2449 596 2524 nullitatis
622 2446 826 2539 sententiae,
851 2448 955 2538 judex
980 2446 1046 2523 esse
1071 2450 1184 2548 potest
1209 2455 1269 2546 qui
1294 2451 1508 2529 sententiam
1535 2456 1643 2545 tulit,
1669 2453 1727 2528 vel

194 2557 269 2644 ejus
296 2554 333 2625 in
359 2549 530 2650 potestate
555 2546 655 2623 sncce
708 2575 724 2623 r
773 2551 793 2626 d
819 2574 891 2647 quo
915 2550 1046 2649 poterit
1081 2575 1099 2623 r
1123 2554 1240 2626 vocari
1262 2607 1273 2643 ,
1300 2551 1537 2630 &restitutio
1570 2556 1689 2651 peragi
1716 2606 1725 2626 .

199 2653 408 2750 Appellatio
434 2676 517 2727 vero
542 2652 643 2726 debet
666 2652 832 2727 ordinem
856 2651 950 2750 sequi
978 2651 1000 2726 i
1024 2650 1124 2748 Greg
1167 2651 1534 2743 terruannorum
1561 2679 1626 2752 pro
1662 2675 1727 2728 ter·

195 2753 377 2833 minandis
402 2751 587 2830 indiarum
613 2753 768 2842 judiciis.
795 2752 857 2830 De
881 2778 953 2858 quo
977 2749 1079 2857 supra
1104 2746 1552 2863 Ord.150.lsidcetiam
1576 2752 1729 2854 Qaiten·
1795 2777 1798 2781 ’

153 2909 156 2914 ,
198 2855 277 2935 sem
296 2854 514 2939 Senatorum
537 2853 706 2961 Lagunez
731 2859 820 2951 (a).
1037 2853 1164 2900 „s

531 3168 1116 3252 ORDINATIO
1191 3162 1424 3251 CCCXXVI.

741 3276 852 3354 Anno
879 3280 990 3371 1663.
1017 3294 1080 3375 30.
1106 3274 1203 3354 Mar.

488 3418 492 3426 .
857 3382 907 3445 *χ

196 3483 200 3493 “
295 3473 335 3549 D
362 3473 568 3553 instantiam
593 3475 758 3575 Magistri
783 3480 971 3558 Generalis
1004 3480 1152 3556 Ordinis
1181 3472 1460 3555 Prndicatomm
1496 3474 1654 3552 decernit
1670 3559 1675 3569 ,
1692 3495 1734 3548 ac

319 3577 478 3652 declarat
503 3580 733 3673 Alexander,
756 3583 851 3679 quod
876 3606 951 3658 non
976 3584 1094 3659 minus
1119 3584 1157 3656 in
1183 3580 1374 3680 provinciis
1410 3574 1595 3654 Indiamm
1627 3598 1736 3674 quarn

202 3678 241 3753 in
266 3679 412 3775 Europa
437 3682 586 3776 praedidii
613 3679 759 3757 Ordinis
785 3687 982 3781 regulares,
1008 3681 1209 3784 priusquam
1237 3683 1283 3758 ad
1320 3679 1637 3770 subdiaconatum,
1659 3677 1736 3751 dia·

197 3802 400 3874 conatum,
425 3785 463 3857 dr
488 3780 765 3878 presbyteratum
792 3785 1003 3878 ascendant,
1028 3804 1172 3859 aetatem
1199 3787 1220 3858 a
1242 3782 1411 3860 Concilio
1433 3782 1652 3857 Tridentino
1682 3799 1737 3852 te·

199 3879 369 3979 quisnam
392 3880 575 3978 explevisse
598 3883 772 3962 debeant.
798 3884 977 3984 Qtodque
1013 3883 1203 3960 facultates
1228 3884 1371 3979 illatum
1403 3885 1560 3978 partium
1596 3878 1739 3978 Episco-

200 3984 255 4078 pis
280 3979 447 4056 concessae
471 3986 527 4057 vel
553 3987 790 4059 concedenda
816 3987 863 4060 ad
887 3982 1142 4060 conserendum
1165 3962 1260 4071 aad
1273 3982 1473 4080 legitimam
1491 4000 1636 4056 atatem
1655 4004 1741 4077 ⁴ma·

206 4083 296 4171 iores
321 4084 484 4176 ordines,
513 4108 588 4159 non
614 4083 820 4161 censeantur
846 4086 988 4161 extendi
1015 4088 1061 4161 ad
1087 4084 1264 4184 praedidios
1289 4086 1466 4181 regulares
1488 4109 1499 4173 ;
1535 4103 1648 4181 neque
1673 4079 1741 4154 illis

203 4180 372 4258 adhunc
398 4182 556 4261 effaetum
582 4182 762 4286 suffragari
791 4187 892 4285 poffit
918 4190 990 4262 ulla
1017 4174 1283 4284 privilegiorum
1309 4183 1613 4262 communicatio.
1648 4179 1741 4257 Prae·
1770 4180 1774 4187 ’
1829 4276 1834 4283 ἦ

206 4303 331 4376 terea,
348 4284 401 4358 ‘ne
426 4288 578 4382 praesui
602 4286 751 4364 Ordinis
776 4289 864 4364 la'iei
890 4291 945 4364 uel
970 4285 1132 4364 conversi
1157 4287 1231 4363 sine
1256 4288 1415 4386 legitima
1442 4282 1663 4384 permissione
1687 4282 1743 4359 su·
1838 4288 1843 4295 “

208 4384 435 4483 periorume
468 4386 561 4464 statu
595 4389 778 4466 la'icorum
811 4390 857 4465 ad
892 4389 1023 4467 statum
1059 4393 1269 4467 clericorum
1306 4387 1460 4466 fratrum
1497 4385 1644 4465 transire
1681 4409 1743 4460 au·

204 4487 338 4579 deant,
364 4483 425 4560 sub
441 4494 818 4569 excommunicationis
843 4517 968 4591 poena.
995 4493 1106 4568 Extat
1125 4485 1745 4605 inBullat.Lugdunensi‘(f)...·ln·

257 4803 308 4871 (a)
327 4801 948 4878 GomerenudVrrurr'g.q.rmDelnflrufin.
963 4810 1007 4861 rt.
1047 4758 1213 4877 (offerturi.
1224 4805 1363 4877 tanagri.
1374 4762 1667 4877 Paffessdellegffur·
1678 4806 1746 4865 int.
1838 4781 1842 4788 ¹

199 4880 265 4954 lere
283 4881 320 4938 ee
336 4883 449 4951 Praesrr·
471 4885 506 4942 P·
528 4902 555 4936 ι.
575 4884 598 4944 l·
623 4903 669 4938 ao.
688 4885 772 4943 conci.
795 4905 820 4948 7·
862 4882 918 4954 (c)
938 4883 1039 4945 Santi·
1057 4887 1079 4943 1.
1101 4906 1127 4940 ι.
1145 4885 1243 4959 Censsl.
1265 4903 1288 4944 c·
1310 4906 1337 4938 ι.
1356 4881 1423 4945 aab.
1448 4903 1493 4939 ar.

258 4956 315 5030 (d)
335 4961 427 5027 sege,
447 4961 498 5038 ser.
517 4961 567 5018 cir.
586 4979 665 5018 nam.
690 4981 753 5025 107.
813 4961 867 5033 (e)
886 4964 1039 5036 sagma,
1057 4966 1093 5029 P.
1116 4982 1141 5020 r.
1160 4964 1203 5025 De
1221 4961 1346 5027 feudiis.
1365 4980 1431 5029 cap·
1451 4983 1496 5018 ιι.
1510 4978 1545 5022 n.
1568 4979 1632 5031 apr.

256 5033 308 5108 ss)
334 5036 409 5096 Ball.
462 5037 517 5107 rgd.
538 5054 562 5097 r·
583 5040 617 5095 V.
634 5040 668 5097 C.
690 5058 756 5109 ¹43·
774 5039 958 5101 Alexandri.
