3864 5686
272 324 359 409 3οοΔ
677 297 1270 383 ouuiuttttouis

216 467 295 523 tuin
319 434 579 521 detrahendum
604 435 714 545 Sa'cra
750 438 995 540 Congregatio
1020 442 1187 534 censitit'3
1225 446 1322 544 quod
1346 448 1502 525 noluerit
1527 447 1573 527 de
1605 454 1735 553 privile

215 542 1656 744 {³2³⁸lit„stillbirthtl}h‘tlssiti‘mlstidut²litte
1679 557 1736 671 β’

527 702 536 721 ι
1728 690 1736 733 l

216 774 341 853 neutra
367 774 467 853 parte
487 748 673 830 delini-tam
691 742 853 850 reliquit.
879 749 971 828 Sunt
996 752 1109 829 etiam
1128 753 1306 830 nonnulla
1331 776 1442 854 poeria
1467 672 1736 855 peiunitrtapdt

161 938 164 943 st
218 855 427 955 quibusdam
453 854 539 932 locis
563 855 746 932 detrudar.
1719 854 1723 861 ’

320 960 364 1034 In
390 960 464 1034 Au.
500 980 528 1032 τ.
555 955 720 1056 professio
754 953 837 1032 fidei
863 953 978 1053 pofita
1013 976 1091 1033 erat
1115 956 1213 1048 juxta
1248 959 1456 1037 Concilium
1490 959 1736 1061 Compostelli

216 1088 303 1138 num
328 1060 555 1137 Salmanticoe
578 1060 814 1136 celebratum.
852 1057 978 1134 Visum
1003 1057 1053 1134 est
1079 1060 1195 1157 potius
1219 1062 1423 1160 potiendam
1456 1064 1512 1138 vel
1546 1066 1736 1145 addendae

216 1190 299 1241 eam
324 1161 503 1254 sormam,
529 1189 637 1260 quam
662 1161 743 1239 Pius
771 1158 833 1236 IV.
862 1161 996 1238 inducit
1022 1162 1059 1236 in
1084 1159 1207 1238 Const.
1234 1167 1328 1243 edita
1355 1190 1452 1242 anno
1480 1173 1616 1266 1654,
1656 1170 1736 1262 cuju

218 1269 363 1345 initium
389 1265 438 1340 est
464 1264 653 1363 injundium
678 1263 790 1338 nodis.
1152 1269 1154 1273 ’

321 1370 398 1444 Aet.
428 1386 462 1465 3.
490 1391 565 1465 cap.
595 1384 613 1463 3
622 1385 678 1464 3.,
705 1364 769 1441 ubi·
789 1366 834 1440 de
858 1362 1180 1446 santiimonialium
1204 1367 1305 1445 bottis
1331 1373 1470 1468 agitur,
1497 1367 1674 1449 adfinem
1700 1390 1736 1451 to

220 1477 289 1548 tius
315 1472 447 1548 decreti
476 1468 611 1545 addidit
645 1467 920 1567 Congregatio:
954 1463 1065 1565 Quod
1090 1469 1185 1545 sr-eit
1221 1473 1410 1549 redditibus
1438 1469 1642 1549 monasterii
1660 1498 1736 1568 ,vt

76 1578 79 1584 ’
219 1601 264 1652 ex
289 1572 462 1652 consuetis
485 1570 713 1667 eleemosynis
738 1569 1050 1670 tantumsuppctat
1070 1574 1302 1666 monialibus,
1328 1594 1368 1649 ut
1396 1572 1571 1673 adipsum
1598 1577 1731 1653 vidium

218 1674 390 1752 fabricam
414 1673 587 1767 ecclesie,
625 1670 776 1772 aliasque
812 1672 1030 1750 necessitates
1066 1672 1257 1752 commode
1282 1674 1457 1768 sufficiat,
1484 1676 1638 1752 ininime
1674 1680 1736 1755 liet

220 1783 307 1855 alias
333 1781 487 1875 recipere
511 1779 610 1876 paida
649 1796 745 1852 certa
779 1773 1001 1870 eleemosyna
1027 1801 1091 1876 pro
1124 1778 1233 1869 dote;
1271 1778 1367 1858 secus
1392 1776 1417 1852 si
1444 1779 1660 1855 monialium
1694 1778 1736 1857 itu

220 1895 338 1958 merus
364 1896 557 1978 augeatur.
617 1904 658 1954 ur
684 1877 721 1953 id
747 1876 923 1952 addiderit
950 1878 990 1979 iii
1015 1900 1182 1977 promptu
1207 1876 1277 1973 est,
1303 1880 1400 1980 quod
1435 1876 1677 1957 simoniacum
1703 1882 1736 1973 iu

217 1984 345 2059 dicarit
373 2008 437 2079 pro
462 1982 559 2080 ingre
637 1977 838 2058 monasterii
862 1978 905 2079 de
929 1978 1030 2055 bonis
1055 1980 1202 2077 pacisci,
1231 2003 1440 2083 tantumque
1463 1980 1736 2078 eleemosynarii

220 2089 377 2184 accipere
403 2105 522 2159 tutum
547 2081 613 2173 sit,
640 2074 699 2158 ubi
726 2078 980 2158 monasterium
1007 2081 1161 2178 indiget.
1289 2124 1292 2129 ·
1644 2081 1668 2129 ⁸*

328 2185 372 2261 Iti
399 2189 497 2284 ps&
521 2186 678 2260 uinddt.
704 2185 806 2259 breve
831 2183 1027 2283 capitulum
1056 2186 1190 2261 addidit
1216 2188 1253 2260 iii
1279 2185 1356 2263 haec.
1380 2184 1509 2264 verba:
1534 2186 1674 2265 Omnia
1696 2204 1736 2265 ati

222 2310 295 2365 tem
319 2289 421 2379 hujus
447 2285 675 2368 provincialis
700 2282 881 2378 Concilii,
907 2290 943 2364 dt
966 2284 1100 2385 singula
1126 2291 1267 2364 decreta
1293 2287 1394 2364 Sedis
1428 2287 1643 2389 Apostolicae
1677 2314 1736 2367 een

221 2393 310 2469 sure
334 2397 377 2469 &¹
406 2384 713 2465 'c‘orredtioni'sint
738 2385 917 2476 subjecta.
952 2386 1050 2465 Nam
1074 2391 1171 2487 quod
1206 2388 1496 2489 Archiepiscopus
1526 2396 1563 2470 dt
1596 2388 1736 2493 Episooq

220 2520 282 2593 per
308 2495 444 2571 litteras
469 2491 532 2567 SS.
559 2489 609 2568 D.
623 2491 671 2567 N.
699 2486 940 2587 significarunt
963 2490 1007 2565 de
1032 2487 1095 2566 lua
1121 2493 1339 2584 reverentia,
1365 2498 1401 2571 dc
1424 2488 1647 2569 submiffione
1670 2492 1736 2573 fide

220 2594 352 2674 lissima
379 2595 424 2670 ad
449 2593 576 2670 Sedent
602 2592 869 2692 Apostolicam,
897 2593 933 2665 id
958 2588 1070 2689 ipsum
1095 2595 1219 2692 aliquo
1243 2595 1388 2670 decreto
1414 2596 1451 2669 in
1477 2592 1554 2694 ipso
1585 2592 1736 2673 Concili·

222 2697 423 2776 testandum
449 2692 541 2788 suit,
568 2695 870 2794 quemadmodum
892 2690 1151 2787 solentSynodi
1177 2719 1253 2771 non
1279 2695 1394 2771 lolurn
1419 2690 1736 2791 Provinciam

223 2800 422 2878 Genetales
455 2798 628 2876 etiam&
666 2794 897 2873 OEcumenitae
920 2794 1061 2873 Summi
1086 2792 1270 2875 Pontificio
1293 2797 1597 2876 confirmationem
1632 2805 1672 2877 dc
1692 2796 1736 2901 ‘aq

225 2904 477 3003 probationem
502 2898 700 3000 postulare.

327 3000 500 3102 Quamvis
525 3004 663 3102 aliquot
689 3003 1077 3080 excommunicationes
1102 3006 1196 3089 *late
1221 3004 1373 3082 censurae
1410 3004 1447 3082 S.
1471 3001 1736 3103 Congregatiot

222 3129 405 3185 removere
432 3107 623 3204 placuerit,
650 3126 691 3182 ut
716 3103 764 3181 est
788 3104 891 3204 supra
917 3103 1116 3201 ostensum,
1142 3132 1217 3183 non
1245 3130 1366 3185 tamen
1391 3130 1515 3185 omnes
1529 3129 1618 3203 ⁸qnae
1637 3106 1736 3181 inho

102 3262 105 3269 -
224 3208 393 3286 Concilio
417 3206 631 3287 Provinciali
657 3208 806 3284 decreta
830 3205 932 3285 sunt.
957 3204 1205 3308 Quin-potius
1227 3231 1370 3288 matura
1399 3209 1610 3285 tradationo
1630 3202 1736 3283 discttl

222 3310 275 3387 ias
300 3312 496 3389 nonnullas
521 3310 766 3410 relinquendas
791 3332 832 3386 ut
856 3330 980 3404 erant,
1014 3315 1051 3389 dt
1076 3311 1320 3410 approbandas
1345 3300 1538 3404 iudicaiit,
1573 3308 1671 3410 quod
1704 3305 1736 3383 ei

224 3413 302 3492 sent
317 3413 443 3534 'causae
468 3414 589 3532 magni
626 3412 787 3511 ponderis
822 3412 869 3502 ob
892 3436 979 3511 quas
995 3407 1208 3535 ‚ferrenturq
1239 3413 1285 3490 In
1308 3400 1392 3533 qud.
1405 3394 1532 3523 geltere
1566 3410 1647 3499 siint
1684 3428 1736 3485 ττι

224 3541 434 3727 {sithi
452 3510 1029 3709 htttliistittsshtlad
1048 3537 1233 3694 siddim
1247 3508 1736 3717 &sabbatismi

226 3748 306 3799 runi
330 3725 400 3802 lua
425 3743 520 3795 curae
543 3712 808 3798 commissarum
834 3718 1011 3794 rationein
1037 3718 1217 3797 reddant.
1255 3721 1419 3798 &cunda
1444 3721 1524 3795 Adi.
1551 3742 1589 3818 4.
1621 3741 1696 3816 cap·

223 3825 264 3898 in
288 3823 485 3901 visitatores
508 3818 845 3922 processus-aliquos
869 3822 1113 3916 occultantes,
1140 3840 1202 3898 aut
1232 3824 1354 3923 iniqua
1377 3818 1573 3900 collusione
1598 3842 1678 3896 curn
1727 3842 1733 3847 ·

224 3925 336 4004 sitatis
360 3951 486 4002 eorum
513 3926 663 4002 crimina
689 3921 964 4023 dilsimulanter,
1000 3943 1063 4004 aut
1089 3923 1136 4003 ad
1161 3923 1399 4003 ordinarium
1423 3923 1604 4026 praedictas
1640 3944 1736 4005 ceu

227 4052 301 4106 non
328 4029 466 4125 integre
494 4027 795 4104 transmittentes.
1147 4054 1154 4063 ’

329 4128 400 4207 Sed
426 4129 518 4201 inter
543 4146 669 4204 omncs
693 4129 806 4220 huius·
820 4125 978 4205 Concilii
1004 4127 1167 4207 consutas
1192 4129 1253 4206 illa
1278 4130 1452 4229 precipua
1487 4125 1561 4214 est,
1585 4150 1655 4228 que
1682 4126 1736 4209 ΑΔ

83 4260 86 4265 ’
229 4247 265 4327 3.
292 4255 367 4327 cap.
396 4252 432 4326 4.
459 4232 494 4303 St
520 4250 554 4325 5.
582 4232 656 4304 lata
682 4228 733 4307 est
759 4233 798 4307 in
823 4232 970 4306 clericos
1006 4254 1215 4310 mercaturae
1239 4256 1387 4332 operam
1420 4231 1569 4326 dantes,
1607 4252 1682 4307 tum
1706 4250 1736 4309 et

226 4336 300 4406 iam
337 4332 374 4405 iii
408 4329 582 4428 parochos
619 4329 829 4428 Indorum,
866 4334 927 4432 qui
953 4357 1020 4432 ρετΙ
1048 4331 1086 4412 se
1121 4335 1175 4409 vel
1202 4357 1263 4433 ρετ
1298 4331 1544 4457 interpositam
1577 4326 1736 4432 personui

226 4454 489 4535 quamcumque
513 4456 596 4508 cum
628 4433 804 4533 quibusvis
837 4433 936 4510 indis
961 4456 1199 4514 mercaturam
1222 4459 1386 4514 exercere
1419 4434 1664 4536 praesumunt,
1691 4456 1736 4513 iu

225 4540 339 4629 etiam
362 4559 491 4635 pecora
518 4534 630 4630 alere,
657 4557 720 4613 aut
747 4561 850 4638 agios
875 4538 1015 4631 colere,
1043 4558 1104 4615 aut
1130 4536 1295 4614 vehendis
1320 4539 1492 4633 mercibtb
1516 4537 1684 4615 animalia·
1698 4554 1736 4615 tt

226 4665 312 4733 nete
338 4640 393 4714 vel
419 4638 552 4727 locare,
591 4657 657 4712 aut
682 4635 774 4736 ipsos
799 4638 909 4715 Indos
945 4639 991 4717 ad
1015 4640 1204 4718 mineralia
1230 4637 1290 4714 sibi
1316 4637 1475 4720 curanda
1509 4642 1671 4733 mittete,
1698 4658 1736 4739 vt

228 4766 355 4832 eorum
379 4755 526 4840 operam
551 4740 703 4831 locare,
739 4743 891 4840 denique
924 4744 979 4818 vel
1015 4768 1098 4818 cum
1124 4739 1202 4841 ipfis
1229 4740 1328 4818 indis
1351 4741 1564 4840 negotiari,
1604 4743 1659 4818 vel
1678 4764 1736 4821 cul

231 4843 309 4917 aliis
334 4865 395 4942 ρετ
416 4838 529 4938 ipsos.
555 4840 640 4917 Hoc
665 4838 748 4916 land
773 4844 918 4919 decreto
941 4846 1097 4942 graviter
1114 4844 1352 4944 parochorum
1377 4846 1486 4945 aliqui
1509 4840 1736 4947 uhu-suut

232 4963 338 5044 atque
363 4940 679 5019 ob'hocmaiiime
706 4967 751 5041 ap
794 4944 953 5039 llarunt,
978 4950 1200 5047 &quantum
1226 4948 1328 5023 licuit
1349 4948 1736 5047 uttolleieturegetuut

335 5043 467 5136 Verum
493 5066 533 5127 ut
558 5046 633 5133 hac
671 5067 736 5131 ceu
753 5070 814 5124 ura
846 5051 1111 5155 praeomnibus
1144 5052 1285 5154 gravior
1310 5046 1410 5142 suit,
1446 5051 1496 5126 ita
1522 5051 1594 5129 hac
1623 5050 1736 5149 demp-

1621 5176 1718 5238 ΕΜ·
