3856 5678
526 249 1035 329 Atosrorrcra.
1091 255 1365 342 1650.·1700.
1594 270 1669 350 453

188 399 280 478 fectu
306 396 441 483 caruit,
466 394 581 467 voluit
605 393 703 465 enim
728 391 811 466 Rex
834 387 1147 463 Christianiffimus
1172 386 1285 461 librat.
1316 385 1719 484 septemsmille·sexcen·

190 522 246 580 tas
273 498 457 574 annuatim
484 495 531 567 ad
557 495 796 589 parochorum
823 492 993 565 alimenta
1020 493 1064 565 de
1091 489 1156 568 suo
1180 485 1380 562 conserte.'

206 615 208 619 “
295 604 401 692 Anno
434 597 541 690 1683.
569 597 718 667 cadente
743 617 837 665 nova
856 590 1096 667 satisfaciendi
1124 592 1284 688 parochis
1307 611 1445 689 arrepta
1471 595 1527 666 via
1552 591 1622 682 est,
1643 597 1730 689 qui--

189 707 252 781 bus
276 703 427 776 Senatus
443 696 633 770 vordinatio
658 691 828 790 postrema
857 694 1040 768 videbatur
1066 691 1305 768 insufficiens.
1340 692 1525 768 Generalis
1559 692 1719 769 Canadae

190 807 328 882 Praetor
353 801 534 874 Dominus
560 798 597 868 de
620 799 655 868 la
680 801 815 885 Barre,
839 800 875 871 dc
899 794 955 867 lll.
983 795 1027 868 de
1054 794 1276 870 San-Vallier
1300 793 1491 890 Episcopus
1509 790 1720 887 Qrebeken·

186 905 235 983 sas
260 925 434 999 congruas
460 900 659 995 portiones,
685 920 762 992 quae
786 919 830 971 ex
854 898 1074 971 decimarum
1100 899 1246 970 cumulo
1282 897 1583 986 extrahebantur,
1620 896 1720 993 quin-

186 1009 305 1106 gentis
331 996 624 1095 circumseripsere
649 997 765 1073 libris.
800 995 870 1071 Sed
907 999 985 1074 Rex
1010 996 1321 1074 Christianiffimns
1343 996 1470 1072 litteris
1509 998 1553 1071 ad
1589 994 1721 1072 Praero-

189 1133 272 1183 rem
304 1129 361 1178 ro.
396 1103 482 1198 Apr.
522 1098 628 1194 1684.
662 1099 758 1173 datis
793 1094 1003 1194 fignificarit
1037 1125 1120 1175 eam
1158 1099 1219 1174 sibi
1244 1101 1509 1175 ordinationem
1544 1124 1620 1173 non
1653 1096 1723 1176 elle
1810 1110 1818 1181 ἶ

190 1227 368 1307 gratam.
394 1202 472 1275 Vidi
498 1204 666 1298 (inquit)
706 1200 946 1296 scripturam,
984 1224 1092 1298 quam
1125 1227 1209 1276 cum
1242 1199 1416 1301 Episoopo
1455 1202 1500 1275 ad
1537 1200 1725 1301 parochias

192 1306 469 1395 distribuendas,
503 1301 737 1399 &parochos
772 1300 932 1398 congrue
954 1297 1197 1378 sustentandos
1230 1302 1366 1377 edidisti
1392 1307 1429 1379 in
1464 1301 1629 1382 cotontae
1658 1306 1723 1379 daz

193 1434 345 1486 mnum.
371 1405 581 1501 Congruam
606 1404 709 1481 unius
733 1405 877 1498 parochi
897 1404 1096 1502 quingentis
1121 1404 1216 1479 libris
1235 1404 1491 1502 computastis,
1516 1411 1550 1482 de
1570 1404 1724 1480 estnon·

194 1513 318 1589 nullus
344 1510 398 1582 cui
422 1506 633 1603 ampliorem
653 1503 842 1601 affignast‘u
868 1506 905 1578 in
929 1508 1073 1602 regione
1094 1507 1299 1602 pauperibus
1318 1507 1502 1582 habitata.
1528 1506 1641 1581 Probe
1660 1531 1725 1586 no-

193 1612 279 1703 stis,
306 1612 343 1684 in
368 1608 491 1682 Gallia
518 1630 692 1704 congruas
718 1605 955 1703 pinguissimas
980 1626 1123 1681 centum
1148 1605 1252 1682 scutis
1278 1632 1353 1682 non
1376 1607 1446 1682 elle
1481 1609 1655 1700 maiores,
1688 1613 1728 1686 d<

194 1716 401 1791 innumeros
426 1705 493 1782 etse
517 1707 696 1798 Curatos,
721 1710 779 1804 qui
807 1732 951 1781 centum
976 1714 1013 1784 dc
1036 1711 1290 1807 quinquaginta
1316 1708 1411 1783 libris
1447 1713 1561 1785 vivete
1597 1716 1633 1786 dc
1657 1710 1725 1784 mi·

193 1815 341 1891 nistrare
368 1806 531 1908 possunt.
557 1809 601 1883 ld
628 1810 721 1907 agite
748 1829 787 1881 ut
807 1807 918 1882 isthic
944 1805 1241 1906 quatuorcentum
1268 1812 1385 1885 vivere
1410 1809 1610 1905 affiaescanr.

303 1913 403 2010 Saepe
429 1912 596 2008 deinceps
622 1911 813 1986 retentavit
835 1911 1074 2007 parochorum
1101 1937 1179 2007 pars
1203 1913 1359 1987 decimas
1385 1913 1430 1986 ad
1467 1915 1728 1988 decimam-ter-

196 2019 288 2093 tiam
314 2016 492 2110 redigere,
518 2009 576 2084 sed
603 2011 791 2088 incassum.
831 2013 883 2086 At
910 2015 1115 2087 ulteriorem
1153 2013 1331 2089 summam
1356 2012 1517 2088 bis-mille
1554 2014 1726 2101 librarum

197 2116 417 2216 confignavit
442 2114 522 2193 Rex
549 2113 592 2187 ad
617 2112 857 2212 parochorum
882 2135 988 2188 aetate
1012 2118 1112 2212 gravi
1138 2134 1199 2190 aut
1227 2113 1431 2190 valetudine
1456 2112 1543 2188 rude
1576 2115 1726 2191 donato

199 2247 282 2297 rum
309 2220 504 2293 alimenta.
529 2213 622 2293 Duae
650 2236 815 2313 praeterea
840 2214 986 2289 summae
1010 2235 1207 2314 corrogatae
1241 2215 1321 2290 sunt
1346 2216 1680 2290 mille-tercentum¹
1695 2216 1733 2290 ὅ(

198 2322 458 2422 quinquaginta
484 2313 654 2388 librarum
681 2319 717 2388 in
744 2313 928 2408 fingulas,
966 2319 1037 2390 elia
1062 2321 1101 2390 in
1138 2317 1379 2414 parochorum
1404 2314 1624 2413 profesttun,
1659 2316 1733 2390 alia

202 2425 249 2499 ad
276 2416 504 2492 ecclesrarum
529 2411 788 2510 parochialium
813 2410 1008 2503 fabricam,
1045 2440 1196 2509 quarum
1222 2435 1463 2511 patronatus,
1497 2414 1643 2490 exclusas
1668 2415 1735 2487 do-

200 2524 333 2609 minis,
360 2519 418 2614 qni
447 2539 491 2587 eo
516 2509 622 2609 usque
648 2512 788 2609 patroni
814 2507 979 2602 fuerant,
1018 2511 1194 2610 Episcopo
1222 2515 1376 2589 addidus
1401 2513 1472 2588 est.
1506 2514 1568 2589 De
1596 2515 1736 2609 reliquo

201 2620 371 2722 quidquid
400 2620 478 2692 Rex
504 2614 548 2690 ad
574 2614 755 2714 praedtuos
781 2611 860 2690 usus
884 2612 927 2686 de
953 2613 1016 2689 suo
1043 2613 1206 2709 confert,
1242 2617 1356 2693 voluit
1381 2609 1508 2692 subesse
1534 2611 1734 2714 dispositio-

201 2728 241 2802 ni
323 2721 449 2816 iscopi.
1392 2746 1395 2750 ·
1544 2742 1547 2747 ·

267 2724 470 2898 EpEcclesiae
494 2814 728 2913 Quebelcenfis
753 2822 790 2894 in
811 2818 1052 2895 cathedralem
1078 2822 1252 2920 erigenda
1279 2825 1445 2899 tradatur
1474 2822 1538 2898 diu
1563 2838 1646 2896 ante
1683 2820 1738 2892 im
1812 2838 1818 2851 ·

202 2945 408 3022 captatus,
443 2920 582 2997 nonnisr
622 2946 719 2995 anno
748 2930 858 3017 1670.
895 2921 1172 2998 consummatus·
1193 2923 1260 3015 est,
1288 2948 1333 2999 eo
1371 2924 1466 3022 qnod
1489 2920 1587 3021 Papa
1622 2919 1737 2996 voluit

202 3028 385 3114 omnin0,
411 3042 451 3095 ut
479 3023 686 3095 immediate
713 3024 733 3094 a
759 3022 850 3098 Sede
875 3022 1080 3117 Apostolica
1106 3025 1306 3119 penderet.
1342 3021 1510 3119 Quocum
1535 3021 1623 3097 beni:
1650 3046 1738 3095 con-

175 3129 295 3226 sslat,
323 3121 534 3220 Episcopum
561 3118 823 3214 Quebekensenr
849 3121 955 3195 instar
980 3121 1159 3196 Podiensrs
1187 3126 1223 3195 in
1248 3123 1372 3198 Gallia
1398 3124 1457 3197 sub
1483 3125 1651 3201 Romana
1672 3124 1733 3196 Se·

203 3230 251 3303 de
280 3225 486 3299 immediate
514 3222 719 3312 constituti,
746 3220 812 3294 effe
838 3223 1110 3317 quodammodo
1143 3224 1186 3296 de
1212 3222 1311 3297 Cleri
1344 3222 1529 3297 Gallicani
1563 3222 1738 3319 gremio.

202 3323 420 3425 Episcopum
447 3323 567 3420 coe‘git
595 3323 714 3418 inopia
740 3321 891 3397 Parisros
915 3325 1071 3422 regredi,
1097 3322 1125 3396 fi
1151 3320 1243 3398 forts
1264 3325 1343 3400 Rex
1367 3322 1553 3398 Bullarum
1579 3321 1740 3416 sumptus

200 3428 324 3506 facere
346 3429 583 3524 dignaretur:
606 3449 693 3522 quas
717 3425 878 3499 obtinere
902 3449 978 3500 non
1003 3426 1121 3521 potuit
1147 3424 1254 3521 usque
1281 3425 1326 3498 ad
1354 3448 1487 3500 annum
1520 3430 1630 3520 1674
1666 3420 1736 3498 Ec·

202 3528 317 3608 clesrae
342 3527 569 3603 Cathedralis
593 3525 804 3622 Capitulum
829 3524 965 3602 constat
991 3527 1166 3616 Decano,
1203 3527 1389 3618 Cantore‚
1428 3522 1738 3615 Archidiacono,

203 3631 443 3726 Theologali,
470 3634 506 3705 dc
530 3628 720 3703 duodecim
746 3625 959 3701 Canonicis.
987 3623 1152 3722 Qrorum
1178 3629 1346 3702 omnium
1370 3629 1574 3700 nominatio
1599 3624 1648 3703 est
1676 3646 1736 3726 pe-

202 3731 267 3915 pes
304 3730 533 3832 Episcopum·
548 3745 674 3832 praeter
709 3730 798 3806 duas
829 3731 962 3831 primas
998 3730 1218 3832 dignitates,
1253 3753 1340 3833 quas
1365 3725 1426 3808 sibi
1450 3751 1514 3806 rex
1546 3726 1657 3805 uoluit
1680 3746 1740 3801 rc-

222 3852 381 3913 erratas..

600 4011 1340 4111 0RD1ua'r10'chCL1.

733 4134 846 4212 Anno
874 4137 986 4229 1671.
1017 4152 1073 4207 ta.
1101 4131 1217 4227 April.
1339 4205 1342 4219 ,ἵ

299 4336 503 4415 Isrtanribns
526 4338 564 4416 S.
590 4337 697 4417 Rosa
721 4336 885 4413 Limane
912 4334 1017 4411 hodie
1045 4359 1108 4432 per
1145 4333 1240 4409 hanc
1272 4332 1562 4410 constitutionem
1597 4333 1744 4407 canoni-

323 4461 410 4515 zatae
445 4438 640 4538 sepulcrum
677 4444 715 4515 in
740 4443 812 4529 ejus
831 4436 923 4512 -festo
963 4437 1095 4536 septem
1122 4462 1235 4510 annos
1261 4443 1297 4513 dc
1330 4435 1463 4533 septem
1498 4436 1745 4535 quadragenas

205 4546 369 4649 indulget
394 4541 565 4622 Clemens.
585 4543 631 4625 X·
658 4543 769 4625 Extat
795 4543 835 4621 in
858 4537 992 4618 Bullar.
1019 4537 1184 4641 Lugdun
1212 4536 1257 4613 C.
1288 4534 1509 4665 372·„‚1¹¹⁶³P³1
1535 4533 1714 4625 caurio,
