3856 5678
270 293 355 391 ⁵440
712 270 1292 356 Onnrunrronvs

229 457 268 507 re
294 441 440 524 excepto
464 414 741 495 Macltinbello.
779 415 835 491 Ita
862 417 1058 492 Historicus
1084 419 1366 516 Navigationum
1402 417 1504 506 (a),
1532 418 1569 493 ὰ
1605 412 1764 499 nimium

178 530 207 581 *s
229 533 376 631 quidem
400 518 592 613 laconice,
628 517 665 593 in
688 539 823 616 quanta
859 517 1027 618 precipui
1062 544 1106 593 ex
1133 519 1327 594 numeratis
1351 516 1549 610 facultate,
1575 543 1649 616 qua
1686 545 1762 618 per.

198 610 204 621 ¹
232 632 328 707 mitti
353 629 459 702 datur
483 620 628 722 paganis
653 619 825 696 conversis
849 625 952 696 unius
976 624 1212 695 retentionem
1238 620 1375 694 uxoris.
1413 617 1488 694 Nist
1514 620 1611 694 enim
1650 617 1759 699 facul·

233 754 291 811 tas
314 731 389 805 haec
416 724 459 802 stt
492 727 546 800 vel
584 723 800 818 intelligatur
836 722 881 799 de
906 747 1014 799 uxore
1052 748 1158 820 quam
1195 721 1366 817 neophyti
1401 722 1564 812 malint,
1602 725 1777 819 quamvis

230 835 345 934 prima
371 854 447 904 non
472 823 514 900 stt
539 825 634 914 iuxta
660 823 753 899 dicia
787 822 878 898 Ord.
907 823 966 920 58.
1001 823 1135 898 Adnot.
1163 845 1198 896 2.
1225 829 1260 899 bt
1288 843 1348 918 3.,
1375 822 1545 896 incallum
1572 822 1623 898 est
1645 824 1757 903 ,lieen-

231 937 283 1015 tia
307 932 365 1009 seu
391 928 560 1018 facultas,
588 951 671 1000 cum
698 923 737 998 stt
767 928 936 1001 naturalis
960 923 1132 1021 obligatio
1156 925 1332 999 retinendi
1357 923 1402 998 de
1428 924 1592 998 uxoribus
1630 921 1756 1004 habitis

232 1040 270 1115 iu
297 1032 503 1110 infidelitate
528 1053 663 1118 unam,
689 1027 821 1101 scilicet
847 1029 1022 1125 primam,
1049 1025 1109 1101 seu
1134 1022 1250 1123 primb
1275 1025 1441 1100 duliam.

283 1135 323 1214 P.
349 1135 477 1213 Simon
511 1127 683 1226 Matquez
719 1125 791 1216 (b)
827 1131 877 1204 ait
908 1126 1070 1204 Patribus
1107 1125 1378 1219 Franciscanis,
1415 1124 1506 1224 quos'
1539 1125 1757 1207 Barbadr'vlu

232 1242 354 1340 vulgus
381 1235 534 1333 appellat
561 1234 598 1306 in
624 1229 868 1325 Portugallia,
889 1227 1170 1326 seuCapuccinis
1197 1228 1322 1320 Italis,
1347 1230 1406 1325 qui
1434 1231 1480 1302 ad
1508 1231 1663 1327 Angolae
1678 1231 1751 1308 mis·

232 1342 344 1419 stones
368 1363 429 1439 per
452 1330 639 1410 Brastliam
666 1329 868 1423 transeunt,
906 1331 1052 1406 concedi
1078 1329 1216 1406 indulta
1241 1330 1355 1404 solitis
1388 1331 1679 1427 episcopalibus,
1714 1337 1756 1414 de

232 1445 355 1544 quibus
381 1435 472 1515 insta
500 1459 596 1512 anno
624 1455 735 1530 1725.
764 1455 825 1509 22.
850 1431 948 1508 Febr.
974 1429 1090 1509 sermo
1114 1433 1203 1524 erit,
1230 1430 1381 1507 fimilia.
1407 1431 1674 1530 Episcopalium
1696 1456 1751 1512 ta·

225 1570 317 1625 men
341 1541 551 1618 lacttltatttm
578 1536 765 1611 undecima
791 1534 851 1611 illa
879 1533 950 1610 est:
976 1531 1192 1631 Dispensandi
1216 1559 1300 1611 cum
1325 1534 1513 1631 gentilibus
1548 1541 1587 1614 ἃ
1612 1534 1754 1616 infideli·

231 1647 295 1722 bus
320 1646 432 1741 plures
458 1661 582 1714 uxores
608 1635 844 1729 habentibus,
869 1656 910 1711 ut
949 1632 1025 1732 post
1050 1632 1312 1711 conversionem
1349 1640 1385 1712 ὅ(
1410 1635 1628 1736 baptismum
1656 1665 1755 1740 quam

232 1746 422 1824 maluerint
448 1742 597 1816 retinere
621 1736 772 1838 poll'qut,
798 1732 825 1809 st
851 1734 1061 1829 fiatfidelis,
1087 1732 1152 1811 nist
1179 1736 1291 1833 prima
1320 1739 1470 1814 voluerit
1495 1744 1670 1816 converti.
1688 1743 1754 1819 Ne·

230 1873 297 1950 que
323 1845 420 1922 aliud
445 1837 540 1919 forte
566 1840 720 1922 intendit
744 1835 939 1916 Historieus
966 1836 1207 1915 abbreviator.
1233 1839 1392 1932 Reliqua
1412 1837 1606 1917 facultates
1630 1842 1751 1942 episco

232 1950 327 2052 pales
362 1950 400 2021 in
435 1945 558 2019 eadem
582 1943 726 2043 quidem
760 1941 911 2019 materia
947 1937 1128 2017 versantur
1165 1958 1271 2038 atque
1296 1937 1360 2012 hic
1386 1942 1528 2033 relatae,
1555 1941 1615 2020 seri
1651 1946 1752 2041 plures

231 2048 400 2140 adjuneiae
425 2044 504 2122 sunt
529 2046 793 2135 limitationes,
828 2065 978 2141 quarum
1003 2043 1101 2120 uttlla
1139 2039 1200 2116 hic
1223 2041 1389 2118 mentio.
1427 2040 1489 2120 De
1525 2043 1698 2145 bigamia,
1723 2055 1752 2126 ot

232 2149 429 2230 homicidio
457 2147 536 2223 vide
559 2145 651 2223 Otd.
678 2167 740 2244 95.
770 2161 857 2242 132.
882 2146 921 2223 bt
948 2158 1033 2244 135.

585 2347 1088 2430 ORDINATIO
1147 2346 1398 2431 CCCXXXV.

325 2560 360 2636 Τ
385 2555 522 2656 Jesuitae
548 2559 584 2632 iu
611 2555 722 2632 indiis
747 2553 882 2655 pollent
906 2555 1004 2644 iuxta
1028 2555 1183 2631 nibricas
1206 2555 1350 2631 millalis
1385 2554 1522 2632 sumere
1547 2554 1625 2656 post
1659 2556 1745 2632 lacri-

350 2659 472 2736 ficinm
496 2657 698 2757 fragmenta
723 2681 800 2754 qua
824 2654 1072 2732 intercidiffent
1098 2655 1169 2732 stne
1194 2657 1375 2756 scrupulo.
1403 2657 1551 2736 Mentio
1574 2657 1617 2733 fit
1643 2660 1679 2733 in
1699 2683 1743 2733 eo

228 2788 309 2837 rum
333 2758 561 2860 Compendio
586 2759 713 2834 lndico
737 2757 855 2831 Verbo
880 2756 1085 2847 Eucharsffa
1111 2765 1143 2850 §-
1174 2781 1207 2832 2.
1234 2783 1277 2833 ex
1312 2760 1531 2836 conceffione
1562 2760 1744 2838 Alexandri

228 2861 314 2938 Vll.
352 2864 522 2940 innovata
557 2867 618 2958 pe't
653 2857 880 2936 Clementem
914 2856 978 2937 lx
1015 2863 1051 2936 ὃ(
1076 2882 1137 2957 per
1161 2857 1394 2938 benedictum
1429 2860 1535 2942 XIII.
1559 2862 1599 2939 in
1633 2857 1746 2940 Conll

228 2944 433 3042 Animarum
455 2961 564 3061 salaci
575 3016 585 3037 .

584 3162 1090 3244 ORDINATIO
1150 3163 1421 3245 cccxxxvi

766 3265 874 3343 Anno
903 3275 1012 3364 1667.
1045 3289 1102 3341 11.
1128 3266 1222 3366 Aug.

310 3472 462 3547 Lentem
489 3472 553 3547 tx.
580 3469 772 3546 confirmat
797 3470 981 3545 decretum
1007 3469 1211 3548 Cardinalis
1234 3469 1369 3554 Pallori
1408 3476 1501 3548 circa
1543 3474 1744 3551 validitatem

337 3569 517 3658 cuiusdam
542 3568 701 3667 Capituli
728 3573 766 3643 in
792 3568 981 3647 Provincia
1005 3569 1195 3650 umam.
1210 3569 1266 3649 Ex
1291 3571 1426 3653 Bullar.
1453 3572 1573 3677 Lugd.
1601 3598 1681 3654 tom.
1705 3574 1745 3648 V.

226 3699 257 3752 c.
284 3695 321 3771 4.
346 3670 449 3765 hujus
473 3667 675 3749 Pontificis.
702 3670 832 3770 Incipit
857 3669 981 3749 Alia's.

498 3872 1083 3958 ORDINATIO
1184 3880 1477 3968 CCCXXXVII.

867 3979 1127 4064 Ann01668.

224 4185 524 4361 AUthoritate
573 4185 762 4289 apostolica
810 4189 1020 4267 confirmata
1054 4189 1103 4266 est
1150 4191 1317 4271 fundatio
1362 4189 1752 4272 Bethleemitisltmm.

342 4287 485 4365 Mentio
509 4287 550 4364 fit
575 4293 615 4365 in
639 4289 795 4366 Historia
820 4291 1003 4368 Ordinum
1028 4293 1263 4391 Regularium
1300 4302 1370 4386 (e)
1396 4298 1454 4373 ubi
1490 4298 1649 4374 dicitius
1682 4300 1754 4365 Aa·

224 4390 312 4464 taine
335 4391 379 4466 de
404 4392 440 4466 la
474 4389 585 4469 Croix
610 4390 651 4468 lit
676 4391 765 4468 faite
788 4419 837 4469 un
872 4393 1026 4497 hospital
1053 4421 1142 4493 pour
1167 4423 1189 4491 y
1215 4401 1371 4475 recevoir
1404 4400 1454 4475 loe
1487 4396 1668 4488 lemures,
1704 4390 1756 4469 oia

222 4491 417 4591 Augustine
441 4496 499 4571 del
523 4494 645 4572 Galdo
670 4500 706 4574 ὅ(
730 4494 780 4571 les
817 4493 906 4571 filles
932 4520 1018 4573 avec
1041 4500 1206 4596 quelques
1231 4523 1347 4577 autres
1371 4497 1406 4575 se
1431 4501 1680 4579 consacrerent
1712 4519 1757 4572 au

222 4592 352 4671 service
376 4594 438 4672 des
462 4598 641 4675 maiades.
679 4596 775 4675 Elles
799 4593 835 4673 se
869 4595 1059 4676 revdtitent
1084 4601 1179 4676 d’un
1205 4601 1306 4681 habit
1342 4604 1520 4703 paceii...
1561 4601 1611 4680 Et
1636 4598 1754 4678 lucent

1588 4704 1714 4859 ²l’ltl·¹

221 4803 652 4855 ———--⁹

260 4883 318 4954 (a)
337 4886 464 4959 Prmfl.
484 4891 551 4960 ella.
569 4890 639 4946 Gen·
658 4887 706 4945 der
726 4888 824 4958 Volag.
843 4904 909 4949 tom·
929 4893 979 4948 W.
997 4889 1048 4948 lib.
1071 4911 1117 4946 ta.
1137 4911 1198 4959 rep.
1222 4913 1248 4948 a.
1266 4894 1291 4954 i·
1316 4913 1340 4949 ι.
1359 4912 1425 4965 pag.
1449 4913 1520 4961 ⁴9¹·

260 4960 313 5032 (b)
333 4967 432 5034 Marq.
451 4966 546 5035 llrafii.
567 4963 672 5036 Pontis.
692 4961 744 5021 lib.
769 4984 792 5018 ι.
811 4966 848 5024 0.
872 4987 898 5023 1.
908 4966 978 5040 seli.
1004 4988 1028 5032 ς.
1069 4967 1122 5042 (c)
1144 4970 1257 5041 anteire
1276 4970 1324 5030 det
1344 4970 1448 5032 Ordret
1470 4978 1533 5034 (ἵε.
1555 4974 1591 5035 P·
1617 4995 1647 5047 ς·
1667 4976 1690 5035 n
1714 4991 1752 5039 t:-

32 5066 87 5124 ’κ’
215 5054 283 5111 m·
303 5061 369 5110 ΞΗ·
388 5040 472 5129 Edit.
493 5062 576 5109 epar.
