3856 5678
532 327 1037 410 Arosrorrerr.
1094 344 1201 423 ηοω.
1256 328 1367 422 2766.
1533 292 1536 299 ⁴
1594 349 1666 431 495

185 490 250 552 net
275 469 371 570 prior
387 459 603 564 'consensus·,
628 463 750 572 quoad
773 464 824 544 sui
850 463 1030 544 essentiam
1055 466 1191 565 integer
1214 456 1251 544 ²&
1274 464 1405 542 habilis
1430 466 1480 542 ad'
1500 466 1613 545 talem
1638 495 1717 568 pro·

175 577 393 666 ‚dudionem
418 573 539 650 taliter
560 577 660 672 quod
685 572 875 648 accedente
895 567 1157 670 dispensatione
1183 569 1220 644 in
1244 566 1392 666 radice,
1411 560 1560 658 resultat
1597 573 1721 648 matri-

191 676 355 754 monium
386 696 435 753 ex
469 677 506 752 vi
529 677 641 774 primi
670 673 766 750 illius
788 670 978 748 consensus
1004 673 1165 749 validum
1184 690 1235 750 er
1259 670 1346 750 trine
1366 725 1379 767 ,
1398 686 1496 751 ‚non
1528 690 1654 751 tamen
1677 690 1722 750 ete

193 782 267 856 alio
294 777 464 855 consensu
488 780 532 852 de
554 801 653 852 novo
676 775 868 873 prestando,
1093 800 1098 808 ·
1285 782 1292 795 '
1722 802 1725 807 ·

298 882 410 957 Dices
441 903 472 954 r.
509 877 617 954 Nulla
653 880 813 975 potentia
848 873 926 951 fieri
951 874 1065 972 potest
1089 898 1131 950 ut
1166 873 1273 952 fuerit
1302 877 1352 955 ab
1382 877 1493 955 initio
1524 877 1724 966 ualidum,

192 987 289 1084 quod
314 1006 434 1056 revera
462 979 530 1054 fuit
557 980 816 1055 invalidum&
849 978 1010 1052 nullum.
1049 1002 1084 1052 2.
1108 978 1196 1054 Non
1232 979 1351 1076 potest
1371 980 1415 1054 de
1441 1002 1536 1053 novo
1570 977 1638 1054 else
1672 976 1725 1052 sa·

189 1105 417 1160 crumentum
445 1105 527 1157 cum
553 1082 702 1156 materia
736 1078 949 1154 sacramenti
971 1100 1051 1153 non
1068 1075 1170 1153 est.
1208 1080 1315 1156 Nunc
1335 1081 1426 1156 neri>
1459 1081 1606 1178 quando
1641 1074 1727 1154 con·

194 1183 311 1260 sensus
334 1208 409 1258 non
432 1183 487 1257 est
510 1181 681 1280 praesens,
702 1180 765 1254 sed
792 1184 1008 1279 praeteritum
1032 1204 1109 1254 non
1134 1179 1183 1255 est
1210 1185 1359 1257 materia
1394 1179 1631 1273 sacramenti,
1664 1178 1726 1254 sed

196 1284 288 1362 suit.
318 1303 354 1380 3.
381 1285 451 1358 Vel
474 1281 661 1360 censensus
684 1274 869 1359 eonstituit
892 1279 1156 1357 sacramentum
1176 1285 1325 1380 quando
1358 1283 1507 1373 exiliit,
1534 1285 1592 1356 vel
1618 1277 1728 1379 quan

196 1388 249 1464 do
272 1406 348 1460 non
373 1385 512 1461 existit.
546 1381 708 1461 Primum
730 1384 803 1458 dici
828 1386 953 1483 nequit
984 1386 1069 1483 ¹quia
1098 1398 1182 1458 tunc
1209 1382 1379 1461 nonfuit
1413 1383 1646 1462 constitutum
1671 1381 1727 1458 *sa-

196 1508 444 1567 uramentum.
471 1488 548 1564 Nec
573 1485 789 1578 secundum,
840 1489 898 1561 uia
924 1485 1214 1578 constitutivum,
1245 1487 1344 1585 quod
1366 1506 1444 1560 non
1464 1486 1620 1579 exiliit,
1655 1509 1730 1560 non

194 1591 418 1668 constituit:
453 1591 610 1664 maxime
643 1606 729 1664 uum
764 1610 787 1687 p
818 1590 955 1670 uirum
977 1587 1069 1661 illud
1093 1586 1144 1663 cst
1181 1607 1221 1663 ut
1242 1587 1297 1663 est
1324 1585 1528 1664 consensus.
1561 1609 1603 1684 4.
1632 1578 1731 1682 Quia

198 1688 358 1791 alioquin
383 1690 497 1793 pollet
527 1694 646 1767 etiam
681 1691 838 1766 talidare
871 1686 1039 1766 Pontifex
1069 1692 1346 1765 matrimonium
1367 1684 1507 1766 deiectu
1538 1687 1729 1766 consensus

198 1795 365 1872 nullum.

306 1897 364 1972 Ad
394 1916 427 1971 1.
450 1891 688 1994 'RespondeQ
716 1919 777 1994 per
802 1888 1098 1992 dispensationem
1121 1893 1161 1966 in
1187 1892 1306 1969 radice
1330 1914 1406 1970 non
1427 1890 1506 1982 fieri
1532 1910 1572 1969 ut
1608 1891 1732 1967 matri·

196 2001 368 2078 monium
393 1997 498 2074 suerit
527 1999 685 2073 validum
723 1999 766 2071 ab
792 1998 929 2088 initio,
964 1997 1009 2082 ad
1033 1995 1251 2095 praeteritum
1287 1997 1415 2095 quippe
1436 2020 1515 2070 non
1532 1996 1655 2068 datur
1680 2014 1735 2066 re·

198 2100 352 2201 gressus.
375 2099 447 2177 Sed
471 2091 580 2175 ‘fit'ttt
607 2109 692 2174 tunc
717 2100 832 2196 primo
867 2098 1010 2198 quaudo
1044 2095 1290 2194 dispensatur,
1318 2094 1382 2175 fiat
1406 2099 1591 2187 ualidum,
1630 2099 1666 2170 dt
1688 2088 1736 2168 srt
1789 2166 1796 2179 ,

200 2207 392 2301 deinceps,
419 2202 561 2300 perinde
588 2200 680 2274 acsi
707 2201 728 2273 d
755 2201 927 2298 principio
953 2199 1190 2296 dispensatum
1215 2197 1322 2291 esset,
1348 2203 1385 2277 dt
1406 2199 1454 2272 ab
1475 2197 1586 2273 initio
1619 2192 1735 2269 suisset

199 2309 386 2385 validum,
415 2304 472 2376 Ad
496 2326 535 2377 2.
566 2298 669 2375 Cum
695 2301 968 2375 matrimonium
1001 2301 1042 2372 in
1070 2298 1188 2374 radice
1223 2300 1462 2391 revalidatur,
1500 2298 1651 2373 materia
1682 2295 1739 2370 sa-

201 2406 384 2483 cramenti
405 2398 528 2493 existit
550 2401 739 2473 moraliter
760 2398 816 2472 sm
841 2401 958 2472 minus
982 2397 1143 2493 phyfice,
1164 2401 1250 2495 quia
1275 2402 1371 2473 ‘addus
1387 2397 1737 2474 voluntatis'habent

202 2508 330 2602 suapte
350 2521 482 2577 natura
504 2498 724 2596 perseverare
751 2500 867 2572 donec
889 2500 1149 2589 retractentur,
1177 2497 1365 2595 praesertim
1391 2501 1533 2597 quando
1559 2523 1634 2572 non
1659 2516 1737 2571 tan·

203 2607 288 2683 tiam
309 2628 389 2694 res,
409 2600 472 2677 'scd
494 2603 548 2686 rei
583 2600 802 2698 perpetuitas
831 2600 977 2697 eligitur
996 2605 1037 2676 dt
1064 2616 1238 2692 amatur,
1267 2617 1313 2675 ut
1342 2602 1384 2674 in
1410 2598 1579 2675 consensu
1609 2599 1739 2674 matri·

201 2704 322 2784 monii
349 2704 415 2796 fit,
435 2702 510 2780 stuc
531 2703 679 2800 quando
700 2704 908 2801 eligitur&
932 2722 1073 2776 amatur
1093 2724 1151 2775 res
1172 2703 1443 2799 perpetuitatem
1467 2699 1667 2799 importans
1686 2701 1747 2774 in«

201 2812 291 2885 dole
314 2812 352 2885 'cr
378 2829 505 2882 natura
530 2805 614 2879 sua.
640 2800 749 2880 eme
775 2824 858 2878 cum
885 2801 1062 2879 absolutio
1086 2799 1262 2900 profertur
1288 2804 1309 2877 d
1330 2800 1569 2899 eonsess'ario,
1595 2806 1670 2896 jam
1690 2799 1740 2876 esi

203 2913 387 3010 praeterita
414 2906 614 3005 pontanus
631 2903 840 3000 consessio,
863 2904 939 2996 iam
959 2903 1031 2982 esse
1050 2893 1177 2997 desit,
1195 2909 1238 2983 dr
1264 2925 1387 2984 tamen
1406 2930 1496 2984 cum
1517 2907 1741 2983 absolutione

210 3015 474 3091 sacramentum
493 3006 705 3085 coustituit.

313 3113 505 3208 'Replicas:
533 3108 667 3206 Nequit
685 3109 769 3207 dari
794 3107 1058 3189 sacramentum
1082 3135 1217 3187 novum
1244 3105 1316 3185 line
1342 3112 1492 3187 materia
1515 3132 1614 3187 nova
1637 3165 1646 3184 .
1669 3104 1744 3184 Ne-

209 3235 319 3312 gatur
344 3209 497 3309 pofiti03
519 3209 617 3283 nihil
637 3211 741 3286 ‘enim
768 3211 954 3309 prohibet,
983 3239 1073 3312 aqua
1094 3215 1171 3303 ¹jartt
1198 3211 1357 3287 adhibita
1385 3231 1420 3287 te
1445 3213 1650 3310 baptizari,
1684 3210 1746 3283 vel

207 3315 347 3394 absolvi
381 3314 408 3386 a
439 3312 597 3410 peccatis
617 3312 695 3398 ¹iam
728 3313 771 3386 in
807 3310 1022 3390 consessione
1060 3304 1275 3412 praeceden'te
1302 3310 1499 3412 expositis,
1536 3314 1672 3389 lictum
1698 3306 1748 3384 est

213 3419 310 3515 quod
336 3416 486 3489 materia
512 3415 702 3511 proxima,
725 3435 773 3488 ut
799 3416 936 3491 ablutio
957 3418 998 3490 in
1023 3415 1220 3514 baptismo,
1254 3418 1293 3493 'ct
1320 3417 1356 3489 in
1383 3419 1598 3513 poenitentiae
1629 3413 1749 3488 sacta·

212 3540 342 3596 mento
368 3511 541 3591 eonseffio·
556 3516 665 3591 debet
687 3514 759 3591 esse
784 3540 879 3592 nova
903 3523 940 3596 dt
958 3517 1145 3610 -dtstinua,
1166 3520 1315 3619 quando
1343 3516 1455 3612 prima
1487 3517 1565 3606 ‘jam
1599 3515 1670 3594 suit
1698 3517 1750 3587 in·
1830 3584 1837 3599 ,

216 3619 401 3697 formata.
423 3615 566 3712 Quodsi
591 3620 751 3692 noudum
778 3615 972 3696 informata
993 3645 1155 3718 unquam
1179 3619 1246 3710 stt,
1266 3640 1313 3695 ut
1335 3621 1375 3694 in
1402 3619 1484 3707 casu
1510 3618 1651 3711 nostro,
1684 3607 1752 3691 suf-

218 3721 295 3800 ficit
313 3746 362 3795 ea
390 3725 534 3796 novitas
558 3742 625 3817 qua
654 3722 840 3796 moraliter
863 3717 1056 3820 perseveret
1086 3746 1132 3796 ut
1159 3721 1337 3796 censeatur
1364 3742 1502 3797 attenta
1532 3742 1666 3796 natura
1700 3715 1752 3793 rei
1812 3766 1819 3778 ·
1876 3808 1880 3819 Ι

218 3831 256 3903 ὅ(
277 3824 278 3827 ’
296 3821 513 3898 institutione
541 3821 679 3896 Christi
711 3846 829 3914 :tanum
859 3823 1077 3900 constituere
1105 3846 1194 3897 cum
1222 3822 1359 3894 ultimo
1392 3821 1607 3897 sacramenti
1653 3816 1754 3895 comss

244 3930 422 4001 lemento.

216 3947 242 4025 P
327 4029 387 4096 Ad
414 4043 448 4118 3.
471 4022 592 4098 Facile
616 4020 868 4119 respondetur,
895 4020 1106 4100 constituere
1126 4019 1271 4124 quando
1296 4022 1481 4101 moraliter
1507 4016 1575 4118 alt,
1605 4031 1641 4105 ὅ(
1667 4016 1755 4121 phy-

222 4125 295 4204 sicis
321 4143 396 4199 non
420 4123 492 4198 est.
518 4121 627 4220 ond
654 4125 764 4198 etiam
790 4143 890 4224 patet
917 4128 952 4201 in
974 4124 1147 4202 consensu
1173 4150 1255 4203 cum
1281 4126 1349 4201 rite
1386 4132 1422 4206 dr
1448 4127 1621 4205 canonici
1652 4127 1757 4228 poni·

216 4250 305 4320 tur,
333 4246 408 4300 uon
430 4227 530 4300 enim
550 4223 742 4302 consensus
762 4226 945 4328 utriusque
966 4229 1129 4329 conjugis
1150 4226 1294 4328 physrce
1327 4229 1521 4307 coexistunt
1547 4226 1651 4307 simul
1680 4258 1757 4308 ma·

219 4329 403 4420 nifesiati,
429 4325 492 4402 sed
514 4327 787 4405 manifestantur
812 4329 1015 4425 successive,
1041 4331 1199 4408 maxime
1218 4358 1306 4408 cum
1334 4333 1586 4411 ddistanribus
1613 4335 1757 4412 contra·

223 4436 322 4509 hitur
344 4456 409 4530 per
429 4444 727 4527 procuratorem.
750 4433 827 4508 'Res
852 4433 1010 4534 ergo-'stc
1041 4432 1153 4511 'habet
1173 4435 1368 4509 :seeundum
1401 4433 1513 4513 'Rotae
1540 4437 1758 4513 Auditorum
1824 4472 1834 4483 ·

227 4553 386 4628 mentem
421 4531 543 4630 supra:
571 4531 774 4610 'Consensus
794 4537 889 4610 olim
925 4537 1064 4612 habitus
1087 4542 1125 4614 'dt
1157 4530 1405 4612 'manifestatus
1442 4556 1623 4634 permanet
1655 4559 1765 4635 aptus

175 4652 179 4657 ’
226 4639 370 4736 quidem
408 4633 598 4711 secundum
623 4636 658 4710 se
686 4637 848 4711 validum
874 4639 1016 4715 causare
1051 4633 1356 4730 matrimonium,
1387 4635 1453 4713 sed
1489 4634 1759 4734 impeditam

228 4735 348 4812 causet
373 4739 420 4813 ob
445 4739 739 4836 impedimentum
763 4739 955 4830 dirimens,
981 4740 1040 4816 scu
1063 4737 1159 4839 quod
1173 4737 1223 4841 in
1244 4738 1336 4813 idem
1358 4741 1487 4842 recidit
1511 4740 1558 4816 ob
1583 4738 1762 4820 cesanum

226 4835 416 4917 essentialis
440 4841 595 4942 requisiti
618 4845 717 4942 quod
737 4840 793 4918 est
811 4841 1030 4940 dispensatio
1054 4838 1334 4939 impedimenti:
1360 4869 1429 4943 qua
1455 4840 1616 4942 expedita
1653 4841 1760 4923 cessat

158 5038 169 5046 ·
226 4943 545 5040 impedimentum,
572 4945 609 5023 dt
634 4946 819 5047 expeditur
843 4941 1052 5039 consensus,
1087 4964 1128 5021 ut
1156 4939 1272 5020 causet
1297 4944 1530 5027 constituatve‘
1558 4943 1764 5027 sacram·

225 5066 309 5124 aum
336 5048 375 5124 itt
398 5047 480 5123 astu
504 5048 658 5128 secunde
680 5053 839 5129 numetis
863 5049 1031 5128 omnibus
1055 5046 1279 5126 absolutum.
1654 5146 1714 5228 M
