3864 5686
241 320 317 397 490
516 345 541 361 ..
680 293 1342 367 Onnrua‘trotcas‘

190 440 322 513 minica
350 435 425 535 post
449 429 607 519 Pascha.
633 426 744 527 Qiod
765 425 908 528 postea,
940 427 1096 504 inferiori
1127 452 1249 505 tamen
1275 429 1369 522 ritu,
1397 427 1440 504 ad
1467 447 1585 505 totam
1611 421 1726 524 hispa-

190 537 372 728 ppq'plpspm),
409 543 445 616 ὅ(
482 532 568 610 allae
599 526 764 610 eoelefias
803 532 985 610 extensum
1011 531 1082 607 est·
1118 528 1247 611 Refert
1271 524 1428 630 loannes
1450 529 1613 632 Baptista
1652 528 1723 606 Pit·

624 800 1302 932 annonart'ousss.

151 1067 155 1073 ·
232 1049 449 1126 Betredistus
472 1048 574 1129 XIV.
601 1046 672 1137 (l)
699 1049 855 1146 loquitur
876 1046 924 1120 de
951 1045 1079 1137 brevi,
1118 1044 1451 1144 supramemorato
1487 1040 1579 1120 ord.
1610 1040 1718 1142 388.'‚·

193 1177 264 1250 quo
291 1154 334 1226 ad
363 1151 566 1226 instantiam
595 1150 817 1223 Marchionis
843 1149 900 1220 del
927 1147 1061 1245 Carpio
1087 1148 1196 1245 Regis
1218 1146 1405 1223 Catholici
1433 1148 1527 1244 apud
1551 1140 1716 1223 sanctinis·

194 1279 294 1327 mum
321 1254 508 1344 oratoris,
537 1252 760 1327 confirmavit
788 1248 1017 1349 Innocentius
1045 1248 1113 1324 XI.
1141 1251 1347 1324 eledlionem
1373 1250 1410 1325 S.
1435 1247 1580 1347 Josephi
1611 1251 1648 1325 in
1666 1275 1716 1349 pa·

198 1374 341 1428 tronum
379 1362 414 1431 ὅ(
451 1358 684 1453 protestatem
719 1350 974 1448 Hispaniarum
997 1353 1020 1425 lt
1045 1348 1181 1424 Carolo
1209 1350 1258 1425 ΙΙ.
1296 1349 1451 1426 saliam.
1489 1349 1559 1426 Sed
1602 1371 1717 1451 agente

195 1470 259 1553 pro
285 1455 445 1531 Ecclesris
471 1463 506 1533 dt
532 1482 595 1554 pro
621 1455 727 1530 Statu
752 1451 997 1528 Ecclesiastico
1015 1452 1230 1526 earumdem
1258 1453 1511 1551 Hispaniarum
1538 1449 1593 1528 D.
1609 1454 1719 1529 ‘Fran-

195 1555 287 1630 cisco
313 1555 400 1652 Jobe
423 1613 433 1650 ,
460 1559 681 1631 declaratum
708 1557 824 1651 primo
848 1553 929 1645 est,
967 1579 1012 1629 eo
1028 1553 1130 1628 brevi
1158 1580 1232 1629 non
1258 1555 1475 1652 praeiudicari
1512 1556 1717 1655 patronatui

192 1657 230 1730 S.
257 1655 403 1752 Jacobi,
430 1680 470 1732 ut
493 1662 583 1733 olim
608 1680 685 1734 erat
712 1654 940 1731 declarat-um
955 1658 999 1730 de
1024 1653 1119 1728 brevi
1145 1657 1234 1730 dato
1262 1682 1324 1754 pro
1346 1659 1382 1732 S.
1406 1656 1603 1732 Thetesta:
1625 1658 1717 1735 den·

192 1760 239 1833 de
264 1759 312 1834 ert
337 1783 382 1833 ex
409 1781 489 1835 toto
515 1782 743 1849 revocatum,
768 1780 810 1834 ut
836 1757 974 1832 constat
1011 1774 1054 1831 etr
1080 1757 1205 1831 litteris
1230 1759 1385 1847 eiusdem
1407 1757 1599 1834 Pontinus
1637 1759 1721 1836 datu

43 1856 47 1863 ’
195 1867 254 1935 26.
282 1861 376 1958 Sept.
409 1860 517 1940 1680}
711 1876 723 1885 ““
1718 1902 1725 1911 ·

246 1957 292 2036 In
317 1969 464 2064 annuali
502 1964 626 2042 Officii
663 1961 786 2038 Divini
822 1963 1008 2039 dtaenorto
1045 1961 1208 2060 impresso
1245 1961 1360 2038 Lirnae
1382 1982 1448 2062 pro
1484 1960 1726 2042 Hancistadii

194 2090 292 2142 anno
324 2087 455 2164 1739.,
482 2072 517 2146 dt
544 2071 598 2167 iu·
607 2066 849 2168 posterioribus
876 2066 952 2169 aliis
978 2065 1149 2139 lndidum
1175 2062 1224 2159 est
1254 2088 1311 2160 19.
1333 2064 1462 2140 Martii
1488 2064 1613 2153 sirium
1634 2068 1727 2143 suna*

194 2170 240 2242 sti
268 2167 407 2268 Josephi
434 2194 518 2243 cum
545 2172 651 2245 titulo
677 2167 877 2240 Proteffaris
891 2165 1131 2264 Hispaniarum
1156 2163 1216 2240 sub
1244 2169 1315 2242 ritu
1340 2168 1470 2265 duplici
1492 2168 1614 2266 ptimoe
1633 2164 1726 2247 clas}

196 2268 242 2343 srs
268 2294 351 2345 cum
378 2272 501 2345 Credo.
530 2270 708 2346 notenor
732 2269 876 2366 quidem
912 2267 1167 2363 Hispaniarum
1202 2266 1251 2343 est
1276 2294 1319 2344 ex
1343 2270 1511 2369 quopto'
1543 2258 1724 2370 Hispaniis

164 2439 167 2443 ,
197 2370 359 2447 officium
384 2375 434 2451 de¹
456 2375 548 2447 iltius
572 2370 778 2447 patrocinio
813 2368 865 2441 est
891 2370 1149 2465 impetratum.
1188 2369 1235 2445 Et
1260 2391 1330 2469 qna
1357 2373 1497 2447 ratione
1519 2366 1572 2447 'est
1607 2376 1722 2470 prole·

198 2475 293 2565 slot,
319 2479 356 2551 ἃ
379 2474 430 2550 est
455 2494 646 2573 patronus3
674 2470 762 2545 ficut
783 2487 924 2566 patrona
951 2472 1081 2545 dicitur
1108 2472 1152 2544 ¹in
1178 2468 1261 2567 Jute
1287 2464 1413 2547 lndioo
1449 2474 1516 2563 (c)
1544 2458 1618 2550 BB.
1645 2472 1722 2547 Vn:

199 2598 246 2671 go
272 2600 314 2648 ex
339 2602 409 2673 quo
434 2579 505 2666 ejus
532 2576 655 2650 l‘estrmi
682 2574 725 2645 dc
751 2568 959 2661 Patrocinio
985 2569 1214 2646 institutum.
1254 2573 1323 2648 Sed
1349 2576 1434 2650 ritus
1460 2577 1584 2674 prima
1617 2570 1719 2649 crans

199 2701 282 2748 cum
321 2678 424 2750 Credo
460 2678 707 2772 principalium
744 2688 979 2768 patronorum
1018 2671 1177 2773 pto'prius
1213 2671 1447 2752 standamento
1486 2698 1586 2752 caret
1636 2674 1718 2776 quod

199 2776 330 2869 sciam,
359 2777 527 2875 siquidem
554 2776 677 2852 sermo'
695 2773 744 2848 est
767 2774 814 2847 de
839 2779 1030 2872 patronatu
1056 2774 1242 2852 uniuersali
1269 2776 1539 2875 Hispaniarum,
1574 2802 1650 2851 non
1681 2778 1718 2851 de

199 2880 406 2974 particulari
432 2877 578 2953 Ordinis
606 2877 780 2967 alicujus,
815 2878 1000 2972 provinciae
1026 2881 1079 2951 vel
1106 2881 1290 2976 regionis.
1326 2879 1430 2967 Caret
1455 2879 1567 2954 etiam
1594 2875 1717 2953 funda·

197 2998 323 3053 merito
338 2982 497 3078 ‘rcipeliu
521 2983 568 3056 ad
593 2979 757 3069 Limam,
784 2979 841 3052 ubi
865 2978 1092 3054 diredlorium
1120 2982 1303 3078 vulgatum
1330 2978 1421 3076 nrt,
1445 2977 1513 3056 nist
1539 2979 1653 3056 Lima
1674 2958 1719 3063 la

197 3100 327 3178 quatur
351 3085 463 3157 etiam
488 3084 598 3158 modo
624 3085 732 3158 ritum
759 3078 974 3179 Hispalensis
999 3079 1184 3174 Ecclesia,
1211 3087 1309 3168 cujus
1330 3080 1403 3179 ⁴snit
1429 3082 1519 3157 nlim
1555 3076 1715 3180 suffraga-

197 3204 262 3256 nea
292 3180 486 3261 Limensrs.
512 3178 668 3282 Hispali
686 3183 829 3284 quidem
855 3185 1060 3258 connitente
1086 3183 1194 3259 Catd.
1221 3183 1369 3286 Belluga
1390 3187 1573 3261 indultum
1610 3182 1657 3259 en
1680 3192 1718 3258 ed

197 3285 320 3380 prlmae
342 3287 457 3363 elassis
475 3289 552 3362 ritu
586 3288 632 3361 de
666 3287 702 3360 S.
729 3281 882 3380 Jnsepho
908 3286 1079 3376 recitare,
1115 3307 1155 3360 ut
1183 3283 1331 3364 refertur
1357 3289 1451 3387 apud
1487 3286 1716 3377 Meratium,

197 3383 269 3461 srne
296 3390 399 3461 Credo
426 3413 547 3463 tamen
574 3391 611 3462 in
636 3385 735 3461 missa
763 3386 955 3460 celebratur
981 3388 1027 3459 ibi
1055 3408 1093 3460 ut
1120 3385 1227 3462 habet
1252 3387 1459 3489 Hispalense
1485 3387 1717 3464 Dircaeum

199 3489 284 3560 anni
328 3499 436 3583 1764.
474 3491 618 3562 Minore
655 3491 725 3564 ritu
751 3511 876 3582 nempe
914 3488 1130 3585 semiduplici
1170 3492 1367 3566 concellum
1406 3493 1518 3566 etiam
1556 3491 1603 3565 est
1625 3509 1719 3562 extra

196 3583 407 3683 Hispaniam
433 3592 475 3662 de
501 3590 536 3662 S.
562 3586 700 3684 sompni
727 3582 935 3661 Patrocinio
961 3588 1109 3664 recitare
1135 3589 1342 3666 Affislentioe
1379 3591 1569 3668 Lusitania
1602 3589 1637 3665 S.
1661 3585 1717 3682 J.;

197 3708 238 3760 ιιι
265 3683 371 3762 refert
406 3687 445 3762 P.
473 3688 643 3787 Marquez
669 3692 718 3778 (d
727 3695 772 3778 ).·
803 3679 888 3762 Hac
917 3711 1036 3765 tamen
1074 3693 1248 3768 concessio
1285 3718 1360 3767 non
1387 3693 1526 3791 respicit
1562 3714 1725 3790 patrona·

53 3842 55 3846 -
198 3807 301 3879 tum,
328 3788 385 3862 sed
411 3792 630 3887 privilegium
655 3793 758 3889 quale
784 3792 935 3889 plerique
962 3795 1137 3890 regulares
1175 3795 1308 3869 habent
1335 3797 1508 3871 recitandi
1534 3818 1593 3894 pet
1631 3815 1727 3868 men·

195 3888 247 3966 ses
276 3893 329 3968 rel
354 3890 591 3967 hebdomades
614 3893 659 3966 de
687 3893 856 3991 aliquibus
881 3893 1016 3968 Sandis
1041 3895 1161 3971 dicbus
1187 3921 1259 3970 non
1286 3898 1489 3994 impedita.

295 3989 369 4067 Pro
408 3994 593 4091 privilegio
627 3997 670 4069 de
704 3995 741 4070 S.
768 3992 919 4093 Joseplro
953 3998 1125 4071 recitandi
1162 3995 1373 4073 solemniore
1409 4001 1481 4074 titu
1519 3997 1650 4072 datum
1685 3982 1727 4070 el

197 4095 292 4168 aliud
318 4092 479 4169 Limanae
504 4094 667 4184 dioecen,
703 4098 844 4192 dequo
871 4096 1188 4172 franciscanorum
1223 4098 1465 4176 Direuonun
1494 4101 1584 4175 anni
1629 4106 1726 4194 ¹762:

192 4195 301 4269 habet
327 4194 535 4292 sequentia:
574 4205 712 4271 Decreta
747 4197 850 4270 dela
888 4199 1045 4297 Sagtada
1072 4199 1345 4299 Congregacion
1369 4204 1411 4287 de
1450 4203 1560 4279 Ritos
1593 4200 1728 4303 aproba·

193 4296 243 4367 do
270 4319 334 4392 por
370 4297 421 4371 Su
446 4297 618 4373 Santidtd
653 4298 908 4397 dpedimetrto
943 4304 986 4374 de
1014 4294 1073 4374 Ill.
1098 4303 1214 4378 Senot
1240 4303 1432 4403 Arzubispo
1470 4305 1518 4378 de
1544 4307 1600 4379 los
1626 4301 1729 4376 Reies

192 4393 244 4472 D.
273 4396 394 4493 Diego
420 4399 478 4474 del
503 4399 642 4491 Cotto,
669 4398 940 4497 representando
966 4405 1001 4474 la
1028 4405 1161 4499 grande
1198 4406 1372 4481 devocion
1397 4429 1464 4504 que
1493 4405 1556 4480 hai
1593 4428 1635 4477 en
1659 4398 1731 4475 esta

148 4564 153 4574 .
190 4495 320 4573 diocesi
346 4524 415 4574 con
440 4506 473 4576 el
500 4526 589 4599 gran
615 4501 798 4577 Patriarca
824 4502 859 4574 S.
887 4500 1017 4600 joseph
1043 4508 1096 4577 los
1128 4529 1183 4598 19.
1209 4511 1252 4582 de
1278 4511 1489 4599 eridanus,
1518 4532 1564 4582 en
1590 4529 1653 4604 que
1673 4525 1730 4577 cc·

190 4600 313 4676 lebran
337 4598 437 4677 milla
462 4628 533 4678 con
560 4605 645 4679 toda
672 4603 894 4678 solemnidad
928 4628 951 4698 y
986 4608 1084 4680 culto
1111 4609 1261 4703 gtande.
1362 4605 1422 4684 del
1448 4610 1608 4706 glorioso
1642 4603 1730 4689 san

1624 4728 1686 4785 to·

206 4931 279 5047 ju)
300 4908 922 5035 raacuunrasutaaaaau.1722(
957 4965 1016 5039 (b)
1039 4932 1476 5053 inmusitatum
1488 4980 1725 5047 trecanum.

194 5036 281 5107 lc)
301 5032 462 5104 wrcen.
475 5042 567 5114 nug·
580 5034 812 5111 antarum.
850 5043 912 5115 td)
934 5040 1249 5124 nuta-Bramt’untif·
1264 5050 1449 5140 numne.
1706 5056 1715 5069 ’
