3864 5686
280 381 289 387 .
461 310 966 393 APMTOLMAE·
1019 316 1132 412 1564·
1186 317 1297 392 1600.
1530 341 1607 418 279

104 444 406 546 Avmdabosa)
433 453 506 548 ait,
531 475 598 553 pto
621 448 706 530 casu
729 449 852 550 aliquo
875 448 1033 552 augentis
1056 449 1267 533 necessitatis
1305 454 1476 534 affirmari
1563 457 1613 541 lle
1639 509 1648 538 .

103 554 155 636 Et
179 577 281 635 num.
311 563 397 633 116.
422 552 560 657 inquit,
584 551 678 673 posse
702 554 741 632 in
763 551 833 631 bac
865 572 966 656 parte
1000 551 1074 631 sine
1109 551 1272 659 scrupulo
1307 561 1472 658 procedi.
1541 563 1651 642 unda·

101 676 228 738 menta
252 654 355 734 sunt.
384 657 658 741 1.Authoritas
691 657 903 751 ᾶοᾶοιιιιιι,
939 659 1001 758 qui
1034 655 1279 739 extenfionem
1315 661 1425 739 illam
1449 660 1529 739 lieri
1554 663 1650 765 polle

98 757 299 840 defendunt
336 760 429 859 apud
463 760 595 838 Snarez
629 756 723 853 (b).
762 782 797 836 ι.
822 759 1037 838 Declaratio
1074 755 1219 858 praesens
1243 761 1412 861 Gregorii
1450 764 1583 861 xlii,
1609 770 1647 846 in

99 887 172 965 qua
197 862 282 939 licet
306 860 482 955 concessio
506 862 553 942 ad
576 859 757 962 religiosos
780 861 972 940 sociatam
995 861 1194 960 dirigatur,
1218 860 1304 941 satis
1338 865 1512 943 declarari
1557 868 1654 947 vide

101 983 165 1044 tur
187 966 354 1043 voluntas
379 961 562 1066 pontificia
587 965 1150 1044 inducendicommunicationem
1176 966 1271 1043 inter
1296 966 1418 1044 Indiae
1428 967 1545 1068 ipsas,
1565 973 1651 1072 quia

99 1067 283 1188 privilegia
307 1066 500 1167 dequibus
524 1067 596 1163 ibi,
620 1091 696 1146 non
721 1088 799 1144 tam
822 1065 1015 1171 religiosis,
1041 1091 1151 1167 quam
1176 1066 1287 1144 lndiis
1310 1072 1585 1166 conceduntur,
1604 1094 1648 1153 ut

100 1193 140 1246 in
163 1171 291 1245 eadem
315 1167 532 1270 significatur
554 1170 800 1247 declaratione
823 1193 885 1269 per
908 1171 972 1247 illa
998 1170 1124 1264 verba,
1150 1173 1233 1285 Qua
1257 1169 1369 1245 Indiae
1404 1173 1572 1252 orientali
1610 1180 1647 1256 C<

100 1272 320 1349 occidentali
344 1270 502 1350 concello
532 1269 615 1368 sant
641 1326 652 1347 .
685 1271 826 1349 Saltem
849 1268 1007 1372 religiofi
1033 1273 1094 1349 alii
1116 1273 1193 1363 jure
1219 1274 1556 1354 communicationis
1565 1300 1650 1376 gau-

103 1371 227 1450 dentes
251 1373 321 1449 illis
344 1375 398 1450 uti
425 1393 593 1474 poterunt
619 1372 953 1453 indiscriminatim.
992 1372 1075 1449 lino
1110 1375 1270 1472 quamvis
1305 1376 1344 1450 in
1380 1375 1539 1472 praesenti
1564 1402 1649 1456 coii-

102 1472 256 1551 cessionc
279 1471 397 1552 sermo
420 1473 465 1551 sit
489 1476 536 1552 dc
559 1476 749 1577 privilegiis
775 1477 937 1555 alterutri
963 1473 1149 1550 Indiarum
1173 1473 1371 1570 concessis,
1400 1479 1560 1578 ‚intelligi
1586 1506 1650 1581 po«

103 1573 169 1653 test
193 1577 240 1652 de
263 1576 431 1654 concessis
455 1578 599 1654 cuilibet
623 1578 828 1655 altenitrius
862 1602 881 1654 i
926 1578 1020 1667 'oni3
1056 1574 1130 1654 fine
1166 1578 1339 1654 violentia
1364 1602 1522 1679 namque
1558 1582 1648 1659 dici-

103 1693 161 1754 tur
184 1674 389 1755 concessum
413 1681 504 1771 toti,
529 1679 626 1778 quod
645 1681 737 1780 parti
762 1601 964 1758 cmceffiin
987 1675 1158 1755 estificut
1182 1677 1306 1778 paffim
1331 1681 1463 1756 dicitur
1484 1680 1647 1761 inConi·

104 1779 242 1879 pendiis
264 1778 537 1880 Privilegiotnm
561 1780 761 1858 concellum
784 1781 942 1876 Ordini',
964 1780 1061 1880 quod
1085 1781 1295 1859 conceditur
1304 1780 1479 1881 magistris
1490 1785 1546 1860 vel
1556 1809 1647 1863 con·

108 1876 274 1959 sellariis.
300 1881 389 1958 Haec
405 1883 476 1958 cit.
502 1882 725 1958 Avendaiio.
1650 1884 1668 1911 “

207 1980 306 2059 Addi
332 1984 444 2083 potell
472 2003 507 2082 3.
533 1982 580 2060 C.
606 1987 694 2061 Cum
718 1984 862 2079 diana,
886 1988 940 2059 De
962 1987 1109 2076 confirm.
1130 2001 1182 2060 iit.
1208 1986 1378 2062 verinae
1405 1985 1477 2064 ibi:
1501 1986 1652 2085 Ejusmo·
1685 1983 1692 1990 ’
1778 1959 1798 1993 β

105 2080 341 2184 dinquitatis
366 2083 597 2162 similitudine
615 2088 813 2185 pronunti.
848 2087 907 2165 Ex
941 2112 1014 2186 quo
1040 2107 1141 2163 textu
1175 2089 1280 2165 multi
1306 2089 1503 2185 colligunt,
1531 2091 1650 2189 legem

99 2187 343 2285 excipientem
368 2187 390 2262 l
416 2190 600 2265 communi
625 2190 700 2279 jure
724 2186 845 2266 casum
870 2187 1081 2287 singularem
1105 2189 1248 2265 extendi
1274 2185 1369 2287 polle
1392 2214 1454 2286 per
1479 2187 1646 2269 fimilitn·

94 2287 225 2364 dinem
250 2290 420 2365 rationis.
444 2285 555 2388 Qiod
580 2289 706 2367 saltem
715 2291 853 2367 obtinet
876 2291 1021 2390 quando
1044 2315 1129 2366 cum
1140 2288 1369 2367 fimilitudine
1393 2292 1542 2367 tationis
1560 2318 1647 2369 con·
1730 2343 1742 2362 .

89 2390 215 2465 curiit
239 2391 392 2488 qualitas
418 2388 531 2467 causas
557 2392 621 2490 piac
646 2397 682 2469 bt
707 2389 931 2484 favorabilis,
954 2412 996 2468 ut
1021 2393 1126 2467 multi
1142 2390 1345 2490 -Jutispetiti
1372 2389 1561 2468 tellannir.
1581 2395 1646 2489 Er·

78 2510 150 2587 go
176 2494 308 2589 pariter
333 2488 472 2567 obtinet
497 2493 535 2565 in
560 2493 748 2592 privilegiis
772 2493 981 2586 Indiamm,
1008 2494 1047 2568 in
1071 2492 1194 2591 quibus
1218 2491 1329 2569 causae
1354 2493 1464 2591 pictas
1488 2499 1524 2575 bt
1548 2491 1650 2573 favor

74 2593 143 2667 in
169 2594 291 2692 primis
315 2596 470 2670 eminet.
498 2592 593 2669 Vide
626 2595 860 2674 Rodericium
897 2599 989 2687 (c),
1014 2599 1073 2695 qui
1109 2617 1192 2669 cuin
1218 2595 1313 2692 ptii'rs
1348 2593 1543 2672 tradidisset
1583 2621 1649 2697 pto

64 2697 248 2793 regula,
274 2720 349 2771 non
373 2695 516 2774 extendi
543 2697 762 2798 privilegium
798 2696 846 2773 ob
879 2693 1146 2772 similitudinem
1170 2697 1357 2788 rationis,
1381 2696 1512 2795 excipit
1548 2699 1651 2796 privi-

61 2793 195 2896 legia
221 2795 332 2875 causae
356 2795 582 2901 favorabilis,
607 2822 648 2875 ut
674 2798 724 2874 est
749 2797 852 2877 causa
878 2800 962 2896 pia,
986 2795 1098 2885 causa,
1117 2798 1230 2891 dotis,
1257 2795 1361 2874 causa
1386 2799 1589 2897 religionis.

209 2898 280 2974 Sed
306 2902 470 2998 neganda
493 2897 543 2975 cst
566 2898 736 2999 praetensa
763 2899 923 2978 absoluta
948 2900 1231 2977 communicatio
1255 2923 1300 2975 ex
1325 2924 1402 2999 cap.
1439 2900 1561 2995 rana,
1593 2907 1649 2989 De
1757 2976 1761 2981 .

55 3001 256 3089 Primii,
283 3001 357 3073 ibi:
383 3001 609 3100 Pri'vi'legiiim
632 3003 695 3076 uni
721 2996 1023 3076 ¹concelsum..non
1047 2997 1161 3100 potest
1185 3000 1234 3076 ad
1258 3003 1420 3075 alterum
1438 3004 1648 3082 extendiob

54 3098 336 3172 identitatem
361 3101 523 3173 rationis.
549 3097 641 3199 Quae
666 3101 769 3177 verba
794 3101 970 3178 habentur
996 3101 1035 3175 in
1058 3099 1224 3192 rubrica3
1250 3101 1290 3176 in
1314 3101 1417 3198 nigro
1445 3125 1570 3178 autem
1594 3107 1647 3182 di·
1725 3138 1730 3145 ·

50 3221 91 3267 c
106 3200 126 3269 ῐ
139 3222 218 3274 tut:
245 3202 478 3277 Temerariam
502 3200 554 3276 est
577 3208 615 3280 di
640 3201 850 3299 indignum,
877 3202 1033 3302 aliquem
1060 3197 1121 3275 fibi
1146 3202 1208 3276 lna
1232 3198 1455 3276 authoritate
1466 3203 1648 3300 ptaesume-

55 3321 141 3372 re
166 3301 262 3397 quod
287 3299 447 3377 Ecclesia
472 3303 645 3381 Romana
668 3321 768 3379 certa
782 3302 935 3379 tatione
960 3298 1111 3399 inspecta
1135 3297 1366 3400 singularibus
1390 3303 1505 3380 voluit
1545 3304 1651 3384 benc·

59 3396 189 3477 ficiis
213 3401 398 3501 indulgere.
425 3401 532 3483 Unde
555 3405 676 3503 regula
714 3405 915 3481 communis
939 3403 1125 3480 dodotum
1158 3401 1209 3479 est
1233 3403 1332 3503 apud
1365 3401 1496 3482 Suatez
1536 3409 1650 3506 (d),

67 3504 324 3601 privilegium
351 3529 425 3579 non
450 3503 518 3581 else
541 3506 805 3583 extendendum
832 3506 877 3582 ad
903 3506 992 3582 alias
1016 3503 1181 3604 personas
1205 3507 1260 3580 vel
1286 3505 1380 3580 atius
1405 3526 1550 3608 propter
1588 3514 1649 3588 ia·

75 3603 210 3679 tionis
235 3604 499 3683 similitudinem
526 3660 536 3681 .
574 3606 624 3685 Et
659 3608 754 3683 tatio
778 3606 853 3701 est,
877 3607 961 3707 quia
987 3608 1159 3706 privilegii
1186 3608 1296 3684 virtus
1321 3606 1542 3688 &efficacia
1582 3638 1646 3715 po·

79 3697 168 3782 sisa
193 3706 260 3799 est,
286 3709 425 3784 nonin
450 3710 591 3787 tatione
615 3710 754 3787 motiva
780 3763 792 3802 ,
817 3705 877 3785 sed
903 3714 942 3787 in
967 3700 1430 3799 concedentislvolnntate.
1455 3711 1556 3811 Ergo
1580 3739 1641 3813 pa.

85 3820 182 3882 rum
207 3806 313 3885 refert
339 3811 504 3888 identitas
527 3813 584 3888 vel
621 3809 817 3907 fimilitudo
851 3811 1021 3903 rationis,
1046 3811 1107 3884 ubi
1134 3800 1295 3903 nonbell
1320 3809 1485 3885 voluntas
1511 3837 1643 3892 conces

87 3900 230 4014 fiendi.
258 3911 323 3988 Vel
351 3911 377 3987 si
402 3914 566 3989 voluntas
592 3911 710 4004 adest,
735 3934 810 3986 non
833 3907 883 3986 cst
906 3907 1161 3985 manifestata.
1187 3906 1272 3981 Hoc
1295 3909 1394 3981 enim
1420 3912 1565 4006 perinde
1590 3913 1642 3991 est

92 4024 145 4078 ¹¹¹
165 4011 265 4089 rebus
289 4013 475 4106 humanis,
500 4037 584 4088 cuin
608 4016 772 4088 voluntas
796 4034 873 4085 non
898 4007 1127 4086 manifestata
1150 4007 1242 4083 nihil
1267 4027 1453 4105 operetur.
1479 4011 1566 4089 Non
1577 4040 1642 4092 au·
1728 4084 1746 4105 .-

88 4120 176 4188 tem
201 4113 451 4192 manifestatur
476 4116 639 4191 voluntas
663 4111 805 4190 favendi
832 4110 941 4187 lndiis
977 4107 1253 4186 occidentalibus
1290 4131 1352 4209 per
1385 4111 1645 4194 concessionem
1746 4106 1752 4117 ’

82 4211 329 4293 orientalibus
355 4214 509 4293 sabbam.
548 4215 629 4292 Iino
663 4215 767 4291 nnius
801 4212 970 4313 expressio
993 4217 1031 4292 dt
1054 4211 1305 4290 determinatio
1342 4212 1643 4297 universalitatem

84 4311 221 4411 tollii,
247 4324 284 4397 di
308 4317 546 4396 exclusionem
569 4314 838 4416 quodammodo
863 4315 1001 4392 inducit
1027 4314 1192 4390 alterius.
1219 4311 1296 4391 Etfi
1321 4315 1418 4391 tatio
1442 4314 1521 4394 sola
1558 4318 1644 4399 elset

75 4413 296 4496 Voluntatis
322 4442 571 4521 argumentum
595 4425 631 4499 di
655 4415 919 4509 manifestatio,
944 4414 1054 4515 pollet
1079 4416 1301 4514 privilegium
1326 4414 1487 4513 praesumi
1525 4425 1641 4503 etiam

69 4518 186 4599 ²¹¹te
209 4522 494 4614 concessionem,
519 4521 676 4621 quamvis
700 4544 776 4596 non
800 4513 885 4595 ell'et
921 4518 984 4593 ulli
1020 4515 1207 4593 indiarum
1231 4514 1430 4593 concessum
1441 4572 1455 4614 ‚
1492 4519 1562 4599 hoc
1588 4521 1643 4600 so·

60 4591 174 4700 'um
200 4625 298 4723 quod
323 4625 368 4700 de
393 4625 533 4699 ratione
558 4621 759 4715 constaret,
785 4626 821 4700 dt
844 4622 890 4697 de
914 4614 1020 4694 causa
1047 4618 1095 4693 ad
1119 4617 1410 4693 concedendum.
1536 4719 1595 4800 Ad
1743 4690 1746 4695 .

277 4983 341 5021 eii.
372 4983 477 5025 oeci.
516 4982 584 5021 taxi
638 5003 646 5018 .
929 4956 984 5031 (e)
1006 4955 1220 5018 Roderictcin
1245 4953 1466 5041 hassa·
1488 4972 1594 5029 pain
1616 4978 1643 5016 i.

239 5062 306 5102 aar·
335 5043 374 5104 ib·
395 5049 421 5099 Ι.
440 5046 484 5104 De
502 5043 635 5112 &bup-
658 5043 791 5102 almrim.
804 5059 846 5095 ιι.
928 5035 989 5111 (ἀ)
1007 5037 1093 5098 Sur·
1110 5033 1162 5097 soc·
1180 5035 1231 5097 cst·
1248 5046 1315 5096 num
1338 5054 1383 5091 ιι.
1642 5062 1649 5083 ι
