3864 5686
226 316 283 391 Ἦ
633 317 1275 417 anoaoeun

230 455 356 553 Longe
382 454 431 529 est
455 474 497 529 ut
521 453 688 546 credam,
714 457 814 553 operi
839 473 1087 552 praconcepto
1106 479 1166 550 per
1191 450 1336 552 praesens
1362 453 1726 531 ordinationum-Bre-

179 560 332 633 tiarium
357 553 571 631 satissadlum
597 554 684 647 effe,
712 558 847 654 inquo
872 556 990 654 plures·
1014 558 1091 630 aliis
1116 578 1244 646 erum,
1270 554 1359 628 mihi
1390 558 1503 631 etiam
1536 559 1615 631 noti
1641 557 1723 633 sunt

178 657 364 757 sequentes.
384 654 560 731 desectus.
583 656 696 733 Deest
721 660 760 731 in
783 655 955 757 plerisque
979 656 1268 735 ordinationibus.
1288 658 1419 731 notitia
1440 661 1532 732 datar
1558 664 1606 734 dt*
1621 676 1724 735 teno-

177 763 230 835 ris·
253 759 480 849 authentica,
508 758 565 832 vel
590 782 634 831 ex
660 758 874 833 authentico
896 748 1108 857 desumpta,
1145 782 1257 854 neque
1295 755 1386 830 fides.
1414 759 1530 849 maior
1562 759 1613 835 est
1637 785 1680 836 ea
1708 816 1720 855 ,

179 889 286 961 quam
314 859 483 934 authores
505 858 642 934 faciunt
671 860 718 933 ad
753 860 916 959 cujusque
950 862 1186 934 ordinationis
1222 861 1359 932 calcem
1385 860 1524 935 citati.
1553 860 1642 935 Haec
1670 884 1723 937 ta-

179 990 291 1053 men,
315 958 381 1034 nisi
402 962 621 1036 authoritate
640 963 840 1054 contraria,
866 963 1115 1056 exceptioneve
1141 963 1262 1059 aliqua
1278 960 1453 1059 elidatur,
1469 963 1535 1039 ¹vel
1560 966 1726 1063 ratione,

164 1063 309 1141 'sufficit
334 1062 380 1137 ad
405 1061 634 1139 resolutiones
659 1064 870 1137 doeirinale's
894 1068 930 1140 ὅ(
955 1066 1129 1137 morales:
1155 1065 1213 1136 rix
1239 1064 1340 1137 enirn·
1362 1064 1439 1138 ullo
1463 1064 1500 1139 id
1533 1070 1651 1161 genus
1666 1064 1719 1155 itt-

179 1192 242 1256 re,
270 1166 307 1237 in·
331 1164 529 1260 regionibus
554 1167 710 1239 maxime
735 1164 977 1257 NoviOrbir,
1001 1165 1176 1241 tenebitur
1201 1167 1304 1262 quis,
1324 1164 1719 1263 snordinationespon·

183 1266 309 1341 tificias
334 1271 369 1341 dt
394 1266 651 1340 declarationes*
673 1264 877 1363 praescriptis
913 1265 1130 1360 signaturis,
1170 1292 1246 1364 quae
1273 1270 1310 1340 in
1335 1265 1416 1341 foro
1442 1267 1488 1340 ad
1522 1263 1724 1341 faciendam

184 1367 295 1442 fidem
321 1366 565 1462 requiruntur,
593 1365 753 1440 firmatas
779 1366 895 1441 solum
931 1367 1091 1465 obligare
1112 1370 1331 1441 contendat.
1364 1364 1494 1443 Defuit
1528 1368 1574 1440 ad
1610 1370 1728 1463 plures

184 1470 223 1544 in
248 1468 663 1567 epi'tomenlredigendas.
685 1488 800 1543 textus
826 1472 984 1565 integer,
1009 1495 1080 1567 quo
1106 1467 1219 1543 sensus
1255 1474 1291 1545 dt
1318 1469 1432 1545 virtus
1462 1467 1729 1543 constitutionis

183 1569 377 1665 aliquando
404 1570 615 1664 relinquitur.
638 1582 787 1665 anceps..
809 1569 966 1645 Pronum
986 1573 1097 1645 etiam
1122 1568 1165 1645 sit
1191 1571 1230 1642 in
1256 1589 1383 1660 tauta,
1406 1592 1565 1667 quaeper
1589 1594 1653 1643 eas.
1672 1594 1729 1642 rc·

183 1674 305 1771 giones
331 1670 387 1744 ubi
415 1668 650 1745 scribebantur
676 1671 773 1761 haec,
798 1671 847 1745 est
873 1673 1010 1748 sumina
1037 1678 1336 1744 documentorum-
1360 1673 1505 1768 inopia,
1536 1690 1578 1744 ut
1602 1673 1722 1744 multae

184 1798 228 1848 ex
256 1792 335 1845 toto
361 1770 477 1845 desint
500 1772 763 1863 ordinationes,
790 1774 835 1848 de
872 1775 995 1870 quibus
1033 1798 1098 1845 nec
1123 1774 1263 1846 mentio
1285 1770 1372 1846 fiat.
1397 1771 1442 1844 ln
1480 1772 1561 1847 aliis
1583 1774 1630 1847 'a'd
1654 1772 1723 1869 liis-

182 1898 319 1973 partam
340 1873 518 1949 ditionem·
540 1874 790 1971 pertinentibus
813 1874 988 1949 'desidero
1025 1873 1268 1948 testimonium
1302 1872 1359 1948 vel
1382 1872 1558 1949 notitiam
1593 1876 1636 1947 de
1660 1868 1723 1951 Se-

186 1972 435 2051 natus'Indici
462 1973 652 2067 revisione;
680 1978 1009 2073 quamquam-..baec
1031 1978 1072 2053 in
1096 1978 1173 2050 aliis
1208 1976 1406 2069 abundat,
1435 1998 1482 2051 eo
1510 1970 1607 2073 quod
1636 1976 1730 2075 leges

186 2079 315 2152 indicae
339 2100 382 2149 ex
408 2076 523 2167 Indici
547 2076 700 2151 Senatus
724 2077 895 2153 consultis
917 2101 958 2153 ut
984 2079 1176 2176 plurimum
1203 2076 1308 2153 saitae
1353 2077 1458 2153 affirn.
1477 2097 1642 2176 urgent,
1663 2082 1727 2150 'n'e-

187 2180 275 2255 dum
303 2178 515 2277 permittunt
540 2181 784 2254 executionem
797 2235 810 2252 ..
833 2180 1066 2261 Documenta
1103 2184 1216 2256 etiam
1251 2181 1333 2257 desti
1373 2180 1445 2257 de
1470 2178 1535 2255 usu
1570 2185 1606 2257 δι
1630 2180 1732 2277 pratri

190 2307 252 2381 per
278 2278 445 2354 ecclesias.
465 2280 562 2354 Noui
574 2280 680 2354 Orbis
707 2284 874 2380 rigente,
897 2283 996 2371 cujus
1022 2310 1107 2358 cum
1130 2287 1199 2359 rite
1208 2284 1461 2382 praescribitur,
1487 2301 1580 2356 nota
1602 2282 1653 2375 vis
1678 2279 1729 2353 est

189 2383 236 2458 ad
261 2376 497 2474 firmandam,
523 2384 578 2456 vel
603 2381 857 2459 infirmandam
891 2386 1170 2461 ordinationum.
1190 2391 1246 2462 rel
1279 2392 1402 2486 legum
1433 2384 1691 2481 obligationem
1719 2436 1729 2453 .

188 2482 490 2559 ordinationibus
511 2483 708 2582 apostolicis
744 2487 997 2563 Romanarum
1032 2487 1366 2588 Congregationum
1383 2487 1654 2561 declarationes
1685 2506 1734 2575 eit

187 2586 345 2665 dicendis
373 2611 470 2660 anno
501 2593 609 2683 1652.
642 2607 709 2682 30.
730 2584 813 2682 Julii
839 2614 1166 2665 connumerantur.
1194 2592 1329 2667 Sedin
1355 2591 1474 2687 paucis
1510 2584 1735 2677 constatd'e

189 2686 453 2766 conditionibus
479 2688 526 2762 ibi
552 2687 749 2787 requisitis,
772 2709 812 2763 ut
841 2692 1043 2786 apostolicae
1070 2693 1340 2768 constitutiones
1356 2691 1629 2764 inominenturr
1652 2776 1656 2781 Ι

290 2788 438 2865 Horum
458 2797 582 2869 'tamen
607 2790 806 2867 deseiiuum
833 2793 936 2869 causa
963 2791 1166 2868 cessandum
1201 2818 1278 2866 non
1303 2790 1373 2865 suit
1400 2792 1447 2863 ab
1468 2812 1600 2886 opere,
1635 2786 1736 2884 quod

189 2888 378 2990 perseditim
406 2891 505 2966 edere
532 2890 887 2990 consummatumque
914 2894 1084 2968 nescimus
1112 2920 1159 2968 an
1185 2893 1315 2991 aliquis
1340 2893 1523 2966 induxerit
1545 2892 1738 2965 animum:

189 2994 358 3093 quodque·
377 2993 540 3090 deinceps
565 2994 764 3091 sapientum
789 2996 1064 3071 coireilionibus
1087 2992 1403 3097 supplementisque
1424 2992 1537 3091 potest
1563 2987 1735 3065 consum--

187 3096 302 3171 niati.
328 3092 538 3191 Expetituru
560 3098 620 3171 diu
646 3095 700 3171 est
717 3094 822 3192 Opus
847 3095 867 3169 al
893 3095 949 3169 Cl.
979 3096 1023 3169 V.
1052 3095 1215 3169 Antonio
1242 3095 1349 3167 Leon
1366 3092 1497 3167 Pinelo
1522 3089 1735 3188 inscriptum

190 3196 347 3273 Gobierno
371 3196 581 3287 Ecclestasiiro
603 3227 623 3285 y
648 3197 835 3294 Espr‘ritual
858 3199 970 3271 delas
996 3198 1141 3282 Indiar,
1178 3196 1273 3291 quod
1309 3194 1427 3266 editor
1453 3199 1499 3285 ⁴&
1524 3195 1649 3265 aditor·
1673 3190 1732 3263 Pi·

192 3301 346 3375 neli'anae
368 3298 597 3375 Bibliotheca
625 3304 699 3383 (a)
724 3299 891 3369 laudabili
919 3316 1052 3370 conatu
1079 3297 1296 3391 vulgandum
1320 3292 1486 3389 suscepit,
1522 3292 1655 3365 additis.
1674 3288 1732 3363 su·

189 3426 254 3499 pra
282 3421 478 3473 tercentum
512 3397 680 3471 derebus
717 3394 905 3471 indiarum
930 3395 1124 3494 pontificiis.
1144 3396 1376 3471 decisionibus
1391 3426 1410 3466 .·
1428 3393 1500 3469 Sed
1527 3416 1640 3491 neque
1666 3391 1731 3467 sci·

79 3550 100 3585 ,ι
192 3526 230 3575 re
255 3502 380 3575 datum
405 3498 474 3590 est,
502 3524 548 3573 an
573 3496 679 3573 fidem
705 3500 829 3573 datam
863 3499 1092 3573 liberaverit.
1133 3498 1178 3571 ln
1204 3507 1299 3596 regia
1327 3493 1422 3569 certi:
1446 3491 1644 3570 matritensi
1680 3493 1732 3566 bi·

191 3602 368 3677 bliotlieca
395 3607 430 3678 bt
465 3603 562 3675 curia
586 3602 693 3674 riulla'
712 3601 879 3675 editionis
916 3597 1014 3675 sada
1038 3602 1199 3690 notitia3
1237 3600 1352 3697 neque
1375 3620 1542 3673 numerus
1576 3595 1731 3670 edenda·

191 3729 275 3777 rum
297 3700 513 3778 decisionum
536 3699 717 3799 promissus
742 3700 846 3777 sadis
890 3728 929 3776 ar
959 3703 1025 3776 elle
1052 3705 1212 3777 videtur:
1245 3701 1467 3796 &alioquin
1503 3696 1735 3772 Pineli'anttm

193 3804 294 3903 Opus
321 3808 396 3901 plus
422 3830 496 3879 uno
522 3825 606 3878 ante
630 3804 761 3881 saeculo
781 3729 982 3881 condilum
1008 3808 1045 3880 ὃ(
1069 3807 1185 3901 primo
1210 3804 1347 3876 editum
1373 3804 1501 3899 exigui
1523 3800 1632 3897 pretii
1660 3798 1740 3887 jam.

194 3904 238 3980 sit
264 3926 429 4005 oportet,
455 3904 604 4001 sidettir
630 3906 704 3981 fine
724 3908 989 4006 supplemento,
1016 3933 1100 3981 cum
1128 3926 1182 3980 tot
1209 3904 1284 4001 post
1297 3906 1454 3980 austeris.
1471 3905 1614 3979 obitum
1636 3899 1737 3974 deci·

195 4007 307 4087 siones
332 4010 577 4085 emanaverint
603 4009 793 4107 pontificia
830 4010 880 4083 de
900 4006 1426 4101 ecclesiasticareindiarum..

200 4108 206 4119 ’
295 4111 382 4186 Non
418 4111 598 4185 omittitur
633 4111 696 4187 hic
733 4113 1005 4185 ordinationum
1031 4112 1285 4203 temporalium
1309 4108 1445 4184 simmia
1472 4110 1531 4181 vel
1563 4103 1703 4180 mentio
1715 4153 1735 4192 ,.

193 4213 280 4287 dum
306 4214 480 4305 occurrit,
507 4214 665 4309 quamvis
690 4212 763 4299 iarn
788 4212 849 4284 diu
859 4212 1121 4305 expiaverint,
1146 4231 1224 4286 tum
1250 4213 1287 4285 in
1312 4212 1573 4300 eruditionem,
1599 4202 1729 4279 doilri'·

194 4340 304 4407 nam,
330 4315 522 4405 notitiam,
547 4318 584 4391 ἃ
609 4313 776 4387 similium
800 4315 1072 4410 explicationem
1085 4343 1103 4403 ;.
1117 4333 1201 4388 tum
1226 4336 1266 4390 ut
1291 4317 1462 4410 exemplo·
1482 4311 1554 4385 sint
1574 4306 1726 4384 faculta-

196 4418 299 4508 tuiti,
323 4418 603 4512 degradatum,
631 4441 707 4511 quae
732 4417 777 4489 de
803 4414 993 4512 apostolica
1018 4415 1236 4514 benignitate
1262 4418 1448 4491 dimanare
1484 4412 1617 4502 solent,
1648 4404 1732 4479 sunt

196 4520 294 4592 enim
319 4540 359 4596 ut
386 4518 578 4617 plurimum
603 4517 656 4589 hae
685 4521 907 4616 temporariae
941 4521 1182 4595 ordinationes
1220 4520 1408 4619 privilegia.
1428 4518 1619 4615 qtiardam;
1655 4527 1733 4581 tum

1639 4628 1681 4683 tit

169 4784 173 4789 .
194 4728 1742 4783 —ffl—*W-Wm

232 4858 289 4928 (a)
309 4857 405 4919 Verbo
422 4862 547 4920 antonia
567 4864 640 4923 Leon
658 4864 776 4931 Pinelo.
795 4866 873 4933 Epir·
892 4864 928 4925 de
948 4867 980 4924 la
997 4864 1071 4929 aibr.
1090 4868 1173 4936 Or.)
1193 4867 1260 4927 Οτι.
1274 4880 1356 4927 naut·
1372 4877 1527 4935 new-0·-
1553 4853 1648 4913 ml·
1663 4857 1733 4908 ffl-
