<?xml version="1.0" encoding="UTF-8"?>
<!DOCTYPE html PUBLIC "-//W3C//DTD XHTML 1.0 Transitional//EN"
    "http://www.w3.org/TR/xhtml1/DTD/xhtml1-transitional.dtd">
<html xmlns="http://www.w3.org/1999/xhtml" xml:lang="en" lang="en">
 <head>
  <title>
</title>
<meta http-equiv="Content-Type" content="text/html;charset=utf-8" />
  <meta name='ocr-system' content='tesseract 3.04.00' />
  <meta name='ocr-capabilities' content='ocr_page ocr_carea ocr_par ocr_line ocrx_word'/>
</head>
<body>
  <div class='ocr_page' id='page_1' title='image "./fastinoviorbise00moregoog_0572.png"; bbox 0 0 3856 5678; ppageno 0'>
   <div class='ocr_carea' id='block_1_1' title="bbox 548 352 1661 465">
    <p class='ocr_par' dir='ltr' id='par_1_1' title="bbox 548 352 1661 465">
     <span class='ocr_line' id='line_1_1' title="bbox 548 352 1661 465; baseline 0.004 -30"><span class='ocrx_word' id='word_1_1' title='bbox 548 352 967 465; x_wconf 72' lang='lat' dir='ltr'>tle‘os‘rhtle</span> <span class='ocrx_word' id='word_1_2' title='bbox 994 376 1050 437; x_wconf 72' lang='lat' dir='ltr'>re·</span> <span class='ocrx_word' id='word_1_3' title='bbox 1107 371 1216 456; x_wconf 78' lang='lat'>¹700.</span> <span class='ocrx_word' id='word_1_4' title='bbox 1272 361 1381 456; x_wconf 72' lang='lat'><strong><em>1756.</em></strong></span> <span class='ocrx_word' id='word_1_5' title='bbox 1588 369 1661 446; x_wconf 66' lang='lat' dir='ltr'>dot</span> 
     </span>
    </p>
   </div>
   <div class='ocr_carea' id='block_1_2' title="bbox 186 500 1915 4571">
    <p class='ocr_par' dir='ltr' id='par_1_2' title="bbox 186 500 1719 807">
     <span class='ocr_line' id='line_1_2' title="bbox 186 500 1715 599; baseline -0.002 -19"><span class='ocrx_word' id='word_1_6' title='bbox 186 500 286 582; x_wconf 85' lang='lat' dir='ltr'>tione</span> <span class='ocrx_word' id='word_1_7' title='bbox 323 502 426 579; x_wconf 86' lang='lat' dir='ltr'>heros</span> <span class='ocrx_word' id='word_1_8' title='bbox 462 500 641 599; x_wconf 74' lang='lat' dir='ltr'>obligante</span> <span class='ocrx_word' id='word_1_9' title='bbox 678 502 724 577; x_wconf 88' lang='lat' dir='ltr'>ad</span> <span class='ocrx_word' id='word_1_10' title='bbox 749 526 822 577; x_wconf 88' lang='lat' dir='ltr'>non</span> <span class='ocrx_word' id='word_1_11' title='bbox 859 500 1116 592; x_wconf 82' lang='lat' dir='ltr'>laborandum,</span> <span class='ocrx_word' id='word_1_12' title='bbox 1143 503 1271 599; x_wconf 84' lang='lat' dir='ltr'>purtim</span> <span class='ocrx_word' id='word_1_13' title='bbox 1306 527 1350 577; x_wconf 80' lang='lat' dir='ltr'>ex</span> <span class='ocrx_word' id='word_1_14' title='bbox 1377 501 1598 599; x_wconf 78' lang='lat' dir='ltr'>permistione</span> <span class='ocrx_word' id='word_1_15' title='bbox 1627 500 1715 577; x_wconf 67' lang='lat' dir='ltr'>heda</span> 
     </span>
     <span class='ocr_line' id='line_1_3' title="bbox 188 600 1719 707; baseline -0.005 -26"><span class='ocrx_word' id='word_1_16' title='bbox 188 608 373 707; x_wconf 82' lang='lat' dir='ltr'>neb&#39;phytis</span> <span class='ocrx_word' id='word_1_17' title='bbox 398 624 439 680; x_wconf 81' lang='lat' dir='ltr'>ur</span> <span class='ocrx_word' id='word_1_18' title='bbox 464 603 623 681; x_wconf 70' lang='lat' dir='ltr'>laborare</span> <span class='ocrx_word' id='word_1_19' title='bbox 651 601 802 702; x_wconf 76' lang='lat' dir='ltr'>possut.</span> <span class='ocrx_word' id='word_1_20' title='bbox 830 602 884 679; x_wconf 55' lang='grc' dir='ltr'>Εἰς</span> <span class='ocrx_word' id='word_1_21' title='bbox 910 627 954 679; x_wconf 88' lang='lat' dir='ltr'>en</span> <span class='ocrx_word' id='word_1_22' title='bbox 980 605 1106 703; x_wconf 78' lang='lat' dir='ltr'>quippe</span> <span class='ocrx_word' id='word_1_23' title='bbox 1132 602 1228 703; x_wconf 84' lang='lat' dir='ltr'>quod</span> <span class='ocrx_word' id='word_1_24' title='bbox 1253 600 1370 701; x_wconf 77' lang='lat' dir='ltr'>servus</span> <span class='ocrx_word' id='word_1_25' title='bbox 1396 602 1525 703; x_wconf 75' lang='lat' dir='ltr'>politt,</span> <span class='ocrx_word' id='word_1_26' title='bbox 1550 606 1719 679; x_wconf 81' lang='lat' dir='ltr'>dominus</span> 
     </span>
     <span class='ocr_line' id='line_1_4' title="bbox 188 700 1718 807; baseline -0.005 -23"><span class='ocrx_word' id='word_1_27' title='bbox 188 734 265 784; x_wconf 90' lang='lat' dir='ltr'>non</span> <span class='ocrx_word' id='word_1_28' title='bbox 291 706 392 807; x_wconf 76' lang='lat' dir='ltr'>politt</span> <span class='ocrx_word' id='word_1_29' title='bbox 416 700 596 783; x_wconf 77' lang='lat' dir='ltr'>servilibus</span> <span class='ocrx_word' id='word_1_30' title='bbox 620 707 812 805; x_wconf 80' lang='lat' dir='ltr'>occupari,</span> <span class='ocrx_word' id='word_1_31' title='bbox 837 702 990 805; x_wconf 86' lang='lat' dir='ltr'>sequitur</span> <span class='ocrx_word' id='word_1_32' title='bbox 1015 706 1110 803; x_wconf 83' lang='lat' dir='ltr'>quod</span> <span class='ocrx_word' id='word_1_33' title='bbox 1146 707 1185 781; x_wconf 89' lang='lat' dir='ltr'>in</span> <span class='ocrx_word' id='word_1_34' title='bbox 1209 705 1443 782; x_wconf 84' lang='lat' dir='ltr'>commodum</span> <span class='ocrx_word' id='word_1_35' title='bbox 1467 705 1555 783; x_wconf 78' lang='lat' dir='ltr'>dervi</span> <span class='ocrx_word' id='word_1_36' title='bbox 1588 701 1718 780; x_wconf 75' lang='lat' dir='ltr'>cessura</span> 
     </span>
    </p>

    <p class='ocr_par' dir='ltr' id='par_1_3' title="bbox 191 802 1915 1416">
     <span class='ocr_line' id='line_1_5' title="bbox 191 802 1719 910; baseline -0.005 -23"><span class='ocrx_word' id='word_1_37' title='bbox 191 809 261 887; x_wconf 85' lang='lat' dir='ltr'>srnt</span> <span class='ocrx_word' id='word_1_38' title='bbox 284 833 418 909; x_wconf 84' lang='lat' dir='ltr'>opera,</span> <span class='ocrx_word' id='word_1_39' title='bbox 444 804 472 884; x_wconf 84' lang='lat' dir='ltr'>li</span> <span class='ocrx_word' id='word_1_40' title='bbox 496 828 735 910; x_wconf 82' lang='lat' dir='ltr'><strong>occupentur.</strong></span> <span class='ocrx_word' id='word_1_41' title='bbox 761 805 845 905; x_wconf 84' lang='lat' dir='ltr'>Jam</span> <span class='ocrx_word' id='word_1_42' title='bbox 871 830 979 898; x_wconf 81' lang='lat' dir='ltr'>vero,</span> <span class='ocrx_word' id='word_1_43' title='bbox 1004 802 1209 901; x_wconf 82' lang='lat' dir='ltr'>concludit,</span> <span class='ocrx_word' id='word_1_44' title='bbox 1234 805 1306 883; x_wconf 84' lang='lat' dir='ltr'>noc</span> <span class='ocrx_word' id='word_1_45' title='bbox 1332 808 1558 907; x_wconf 77' lang='lat' dir='ltr'>quale-quale</span> <span class='ocrx_word' id='word_1_46' title='bbox 1583 806 1719 905; x_wconf 88' lang='lat' dir='ltr'>privile·</span> 
     </span>
     <span class='ocr_line' id='line_1_6' title="bbox 191 905 1719 1010; baseline -0.002 -25"><span class='ocrx_word' id='word_1_47' title='bbox 191 914 293 1010; x_wconf 78' lang='lat' dir='ltr'>glum</span> <span class='ocrx_word' id='word_1_48' title='bbox 318 911 416 986; x_wconf 84' lang='lat' dir='ltr'>servo</span> <span class='ocrx_word' id='word_1_49' title='bbox 453 909 597 987; x_wconf 85' lang='lat' dir='ltr'>tantitm</span> <span class='ocrx_word' id='word_1_50' title='bbox 623 905 744 988; x_wconf 80' lang='lat' dir='ltr'>favens</span> <span class='ocrx_word' id='word_1_51' title='bbox 779 908 1015 1009; x_wconf 77' lang='lat' dir='ltr'>dependenter</span> <span class='ocrx_word' id='word_1_52' title='bbox 1053 910 1275 1010; x_wconf 18' lang='lat' dir='ltr'>d,pptaecepto</span> <span class='ocrx_word' id='word_1_53' title='bbox 1298 908 1466 986; x_wconf 84' lang='lat' dir='ltr'>dominos</span> <span class='ocrx_word' id='word_1_54' title='bbox 1501 908 1719 1008; x_wconf 87' lang='lat' dir='ltr'>obligante,</span> 
     </span>
     <span class='ocr_line' id='line_1_7' title="bbox 191 1008 1816 1111; baseline -0.003 -23"><span class='ocrx_word' id='word_1_55' title='bbox 191 1011 337 1089; x_wconf 83' lang='lat' dir='ltr'>ccll&#39;atir</span> <span class='ocrx_word' id='word_1_56' title='bbox 373 1010 485 1094; x_wconf 82' lang='lat' dir='ltr'>modo</span> <span class='ocrx_word' id='word_1_57' title='bbox 519 1012 663 1110; x_wconf 87' lang='lat' dir='ltr'>quando</span> <span class='ocrx_word' id='word_1_58' title='bbox 699 1011 819 1089; x_wconf 86' lang='lat' dir='ltr'>ablata</span> <span class='ocrx_word' id='word_1_59' title='bbox 835 1010 895 1088; x_wconf 83' lang='lat' dir='ltr'>eli</span> <span class='ocrx_word' id='word_1_60' title='bbox 921 1035 982 1111; x_wconf 87' lang='lat' dir='ltr'>per</span> <span class='ocrx_word' id='word_1_61' title='bbox 1007 1008 1344 1111; x_wconf 56' lang='lat' dir='ltr'>recetrs&#39;tiudultum</span> <span class='ocrx_word' id='word_1_62' title='bbox 1368 1013 1600 1103; x_wconf 83' lang='lat' dir='ltr'>dominorum</span> <span class='ocrx_word' id='word_1_63' title='bbox 1633 1009 1721 1085; x_wconf 83' lang='lat' dir='ltr'>obli·</span> <span class='ocrx_word' id='word_1_64' title='bbox 1809 1098 1816 1107; x_wconf 23' lang='lat' dir='ltr'>p</span> 
     </span>
     <span class='ocr_line' id='line_1_8' title="bbox 193 1135 959 1215; baseline 0 -25"><span class='ocrx_word' id='word_1_65' title='bbox 193 1135 317 1215; x_wconf 84' lang='lat' dir='ltr'>gatto.</span> <span class='ocrx_word' id='word_1_66' title='bbox 954 1160 959 1169; x_wconf 91' lang='lat'><strong>·</strong></span> 
     </span>
     <span class='ocr_line' id='line_1_9' title="bbox 295 1206 1915 1316; baseline -0.004 -24"><span class='ocrx_word' id='word_1_67' title='bbox 295 1212 365 1292; x_wconf 87' lang='lat' dir='ltr'>Sed</span> <span class='ocrx_word' id='word_1_68' title='bbox 390 1232 515 1292; x_wconf 86' lang='lat' dir='ltr'>contra</span> <span class='ocrx_word' id='word_1_69' title='bbox 541 1206 591 1292; x_wconf 86' lang='lat' dir='ltr'>elt</span> <span class='ocrx_word' id='word_1_70' title='bbox 620 1237 678 1310; x_wconf 85' lang='lat' dir='ltr'>t.,</span> <span class='ocrx_word' id='word_1_71' title='bbox 699 1234 787 1315; x_wconf 82' lang='lat' dir='ltr'>nam</span> <span class='ocrx_word' id='word_1_72' title='bbox 811 1211 909 1313; x_wconf 86' lang='lat' dir='ltr'>quod</span> <span class='ocrx_word' id='word_1_73' title='bbox 933 1208 1054 1307; x_wconf 83' lang='lat' dir='ltr'>Indis,</span> <span class='ocrx_word' id='word_1_74' title='bbox 1080 1208 1308 1313; x_wconf 83' lang='lat' dir='ltr'>neb&#39;phytisve</span> <span class='ocrx_word' id='word_1_75' title='bbox 1335 1221 1350 1309; x_wconf 90' lang='lat'>(</span> <span class='ocrx_word' id='word_1_76' title='bbox 1376 1241 1448 1316; x_wconf 89' lang='lat' dir='ltr'>quo</span> <span class='ocrx_word' id='word_1_77' title='bbox 1480 1236 1633 1315; x_wconf 85' lang='lat' dir='ltr'>utroque</span> <span class='ocrx_word' id='word_1_78' title='bbox 1655 1238 1722 1287; x_wconf 83' lang='lat' dir='ltr'>no</span> <span class='ocrx_word' id='word_1_79' title='bbox 1865 1228 1868 1233; x_wconf 85' lang='grc'>·</span> <span class='ocrx_word' id='word_1_80' title='bbox 1910 1254 1915 1269; x_wconf 59' lang='grc' dir='ltr'><em>ι</em></span> 
     </span>
     <span class='ocr_line' id='line_1_10' title="bbox 196 1312 1729 1416; baseline -0.003 -21"><span class='ocrx_word' id='word_1_81' title='bbox 196 1316 293 1395; x_wconf 90' lang='lat' dir='ltr'>mine</span> <span class='ocrx_word' id='word_1_82' title='bbox 318 1312 569 1416; x_wconf 69' lang='lat' dir='ltr'>comprehendi</span> <span class='ocrx_word' id='word_1_83' title='bbox 592 1316 725 1411; x_wconf 76' lang='lat' dir='ltr'>sclavos</span> <span class='ocrx_word' id='word_1_84' title='bbox 749 1315 919 1415; x_wconf 84' lang='lat' dir='ltr'>aethiopes</span> <span class='ocrx_word' id='word_1_85' title='bbox 944 1312 1076 1393; x_wconf 86' lang='lat' dir='ltr'>fatetur</span> <span class='ocrx_word' id='word_1_86' title='bbox 1102 1320 1278 1397; x_wconf 81' lang='lat' dir='ltr'>recentior</span> <span class='ocrx_word' id='word_1_87' title='bbox 1303 1319 1361 1393; x_wconf 88' lang='lat' dir='ltr'>hic</span> <span class='ocrx_word' id='word_1_88' title='bbox 1386 1326 1402 1409; x_wconf 94' lang='lat'>)</span> <span class='ocrx_word' id='word_1_89' title='bbox 1428 1316 1470 1393; x_wconf 88' lang='lat' dir='ltr'>stt</span> <span class='ocrx_word' id='word_1_90' title='bbox 1498 1317 1729 1415; x_wconf 76' lang='lat' dir='ltr'>privilegium·</span> 
     </span>
    </p>

    <p class='ocr_par' dir='ltr' id='par_1_4' title="bbox 201 1409 1722 1519">
     <span class='ocr_line' id='line_1_11' title="bbox 201 1409 1722 1519; baseline -0.001 -25"><span class='ocrx_word' id='word_1_91' title='bbox 201 1442 275 1494; x_wconf 82' lang='lat' dir='ltr'>non</span> <span class='ocrx_word' id='word_1_92' title='bbox 300 1437 443 1497; x_wconf 87' lang='lat' dir='ltr'>tantum</span> <span class='ocrx_word' id='word_1_93' title='bbox 467 1442 508 1497; x_wconf 86' lang='lat' dir='ltr'>ut</span> <span class='ocrx_word' id='word_1_94' title='bbox 534 1418 695 1496; x_wconf 81' lang='lat' dir='ltr'>laborare</span> <span class='ocrx_word' id='word_1_95' title='bbox 722 1418 880 1518; x_wconf 76' lang='lat' dir='ltr'>pollinr,</span> <span class='ocrx_word' id='word_1_96' title='bbox 913 1414 974 1497; x_wconf 81' lang='lat' dir='ltr'>led</span> <span class='ocrx_word' id='word_1_97' title='bbox 1000 1442 1045 1493; x_wconf 84' lang='lat' dir='ltr'>ne</span> <span class='ocrx_word' id='word_1_98' title='bbox 1070 1415 1108 1493; x_wconf 90' lang='lat' dir='ltr'>in</span> <span class='ocrx_word' id='word_1_99' title='bbox 1144 1409 1236 1495; x_wconf 82' lang='lat' dir='ltr'>festis</span> <span class='ocrx_word' id='word_1_100' title='bbox 1262 1418 1420 1494; x_wconf 83' lang='lat' dir='ltr'>laborare</span> <span class='ocrx_word' id='word_1_101' title='bbox 1439 1441 1660 1519; x_wconf 76' lang='lat' dir='ltr'>cogantur,</span> <span class='ocrx_word' id='word_1_102' title='bbox 1687 1424 1722 1493; x_wconf 76' lang='grc' dir='ltr'>ὅ(</span> 
     </span>
    </p>

    <p class='ocr_par' dir='ltr' id='par_1_5' title="bbox 196 1518 1724 1823">
     <span class='ocr_line' id='line_1_12' title="bbox 197 1518 1723 1622; baseline -0.001 -28"><span class='ocrx_word' id='word_1_103' title='bbox 197 1542 239 1595; x_wconf 90' lang='lat' dir='ltr'>ur</span> <span class='ocrx_word' id='word_1_104' title='bbox 266 1521 394 1620; x_wconf 82' lang='lat' dir='ltr'>polhnt</span> <span class='ocrx_word' id='word_1_105' title='bbox 422 1522 718 1598; x_wconf 82' lang='lat' dir='ltr'>incommodum</span> <span class='ocrx_word' id='word_1_106' title='bbox 746 1518 926 1619; x_wconf 88' lang='lat' dir='ltr'>proprium</span> <span class='ocrx_word' id='word_1_107' title='bbox 950 1518 1133 1614; x_wconf 86' lang='lat' dir='ltr'>laborare,</span> <span class='ocrx_word' id='word_1_108' title='bbox 1169 1518 1308 1617; x_wconf 78' lang='lat' dir='ltr'>constat</span> <span class='ocrx_word' id='word_1_109' title='bbox 1335 1545 1377 1595; x_wconf 82' lang='lat' dir='ltr'>ex</span> <span class='ocrx_word' id='word_1_110' title='bbox 1400 1523 1509 1622; x_wconf 76' lang='lat' dir='ltr'>didiis</span> <span class='ocrx_word' id='word_1_111' title='bbox 1542 1519 1633 1597; x_wconf 83' lang='lat' dir='ltr'>Ord.</span> <span class='ocrx_word' id='word_1_112' title='bbox 1664 1518 1723 1613; x_wconf 59' lang='lat'>58„</span> 
     </span>
     <span class='ocr_line' id='line_1_13' title="bbox 200 1616 1724 1721; baseline -0.003 -25"><span class='ocrx_word' id='word_1_113' title='bbox 200 1616 490 1699; x_wconf 80' lang='lat' dir='ltr'>stre&#39;concelsutn</span> <span class='ocrx_word' id='word_1_114' title='bbox 518 1620 560 1711; x_wconf 77' lang='lat' dir='ltr'>stt</span> <span class='ocrx_word' id='word_1_115' title='bbox 584 1625 607 1700; x_wconf 71' lang='lat' dir='ltr'>l</span> <span class='ocrx_word' id='word_1_116' title='bbox 633 1617 830 1713; x_wconf 86' lang='lat' dir='ltr'>Pontifice,</span> <span class='ocrx_word' id='word_1_117' title='bbox 856 1618 925 1696; x_wconf 77' lang='lat' dir='ltr'>slve</span> <span class='ocrx_word' id='word_1_118' title='bbox 961 1622 981 1695; x_wconf 84' lang='lat' dir='ltr'>it</span> <span class='ocrx_word' id='word_1_119' title='bbox 1004 1623 1138 1720; x_wconf 86' lang='lat' dir='ltr'>Rege,</span> <span class='ocrx_word' id='word_1_120' title='bbox 1165 1618 1234 1699; x_wconf 80' lang='lat' dir='ltr'>slve</span> <span class='ocrx_word' id='word_1_121' title='bbox 1260 1620 1389 1721; x_wconf 88' lang='lat' dir='ltr'>scripto</span> <span class='ocrx_word' id='word_1_122' title='bbox 1408 1624 1508 1716; x_wconf 81' lang='lat' dir='ltr'>jure,</span> <span class='ocrx_word' id='word_1_123' title='bbox 1548 1621 1615 1698; x_wconf 83' lang='lat' dir='ltr'>stre</span> <span class='ocrx_word' id='word_1_124' title='bbox 1639 1646 1724 1694; x_wconf 89' lang='lat' dir='ltr'>con·</span> 
     </span>
     <span class='ocr_line' id='line_1_14' title="bbox 196 1714 1147 1823; baseline 0.002 -26"><span class='ocrx_word' id='word_1_125' title='bbox 196 1723 408 1817; x_wconf 81' lang='lat' dir='ltr'>suetudine,</span> <span class='ocrx_word' id='word_1_126' title='bbox 435 1728 528 1823; x_wconf 86' lang='lat' dir='ltr'>qnod</span> <span class='ocrx_word' id='word_1_127' title='bbox 554 1743 680 1823; x_wconf 82' lang='lat' dir='ltr'>pamm</span> <span class='ocrx_word' id='word_1_128' title='bbox 704 1714 834 1800; x_wconf 77' lang='lat' dir='ltr'>resen.</span> <span class='ocrx_word' id='word_1_129' title='bbox 901 1728 905 1739; x_wconf 86' lang='lat'>&#39;</span> <span class='ocrx_word' id='word_1_130' title='bbox 1141 1812 1147 1823; x_wconf 41' lang='lat'>‚</span> 
     </span>
    </p>

    <p class='ocr_par' dir='ltr' id='par_1_6' title="bbox 199 1816 1869 3042">
     <span class='ocr_line' id='line_1_15' title="bbox 304 1816 1770 1928; baseline -0.002 -27"><span class='ocrx_word' id='word_1_131' title='bbox 304 1824 440 1925; x_wconf 81' lang='lat' dir='ltr'>Qtibus</span> <span class='ocrx_word' id='word_1_132' title='bbox 469 1830 556 1902; x_wconf 91' lang='lat' dir='ltr'>adde</span> <span class='ocrx_word' id='word_1_133' title='bbox 581 1830 696 1925; x_wconf 88' lang='lat' dir='ltr'>legem</span> <span class='ocrx_word' id='word_1_134' title='bbox 723 1848 782 1924; x_wconf 84' lang='lat'>50.</span> <span class='ocrx_word' id='word_1_135' title='bbox 810 1821 866 1901; x_wconf 72' lang='lat' dir='ltr'>tit.</span> <span class='ocrx_word' id='word_1_136' title='bbox 896 1826 954 1902; x_wconf 82' lang='lat'>16.</span> <span class='ocrx_word' id='word_1_137' title='bbox 980 1825 1005 1901; x_wconf 87' lang='lat' dir='ltr'>l.</span> <span class='ocrx_word' id='word_1_138' title='bbox 1032 1826 1068 1901; x_wconf 80' lang='lat'>6.</span> <span class='ocrx_word' id='word_1_139' title='bbox 1095 1816 1187 1921; x_wconf 85' lang='lat' dir='ltr'>Juris</span> <span class='ocrx_word' id='word_1_140' title='bbox 1212 1816 1504 1928; x_wconf 82' lang='lat' dir='ltr'>Hispano-Indici</span> <span class='ocrx_word' id='word_1_141' title='bbox 1524 1820 1572 1904; x_wconf 84' lang='lat' dir='ltr'>lic</span> <span class='ocrx_word' id='word_1_142' title='bbox 1598 1824 1725 1901; x_wconf 78' lang='lat' dir='ltr'>haben·</span> <span class='ocrx_word' id='word_1_143' title='bbox 1766 1867 1770 1877; x_wconf 88' lang='lat'><em>·</em></span> 
     </span>
     <span class='ocr_line' id='line_1_16' title="bbox 201 1917 1727 2029; baseline -0.001 -27"><span class='ocrx_word' id='word_1_144' title='bbox 201 1948 297 2004; x_wconf 89' lang='lat' dir='ltr'>tem:</span> <span class='ocrx_word' id='word_1_145' title='bbox 323 1934 410 2004; x_wconf 83' lang='lat' dir='ltr'>cem</span> <span class='ocrx_word' id='word_1_146' title='bbox 428 1924 510 2001; x_wconf 76' lang='lat' dir='ltr'>lidos</span> <span class='ocrx_word' id='word_1_147' title='bbox 530 1929 588 2021; x_wconf 25' lang='lat' dir='ltr'>,los</span> <span class='ocrx_word' id='word_1_148' title='bbox 614 1926 733 2003; x_wconf 86' lang='lat' dir='ltr'>cienro</span> <span class='ocrx_word' id='word_1_149' title='bbox 758 1947 781 2023; x_wconf 84' lang='lat' dir='ltr'><strong>y</strong></span> <span class='ocrx_word' id='word_1_150' title='bbox 805 1917 939 2003; x_wconf 83' lang='lat' dir='ltr'>sesenta</span> <span class='ocrx_word' id='word_1_151' title='bbox 965 1926 1042 2001; x_wconf 85' lang='lat' dir='ltr'>dias</span> <span class='ocrx_word' id='word_1_152' title='bbox 1067 1930 1146 2004; x_wconf 56' lang='lat' dir='ltr'>flos</span> <span class='ocrx_word' id='word_1_153' title='bbox 1171 1928 1293 2004; x_wconf 84' lang='lat' dir='ltr'>demas</span> <span class='ocrx_word' id='word_1_154' title='bbox 1313 1930 1357 2004; x_wconf 90' lang='lat' dir='ltr'>de</span> <span class='ocrx_word' id='word_1_155' title='bbox 1383 1926 1521 2019; x_wconf 81' lang='lat' dir='ltr'>trebaio</span> <span class='ocrx_word' id='word_1_156' title='bbox 1552 1955 1623 2029; x_wconf 88' lang='lat' dir='ltr'>que</span> <span class='ocrx_word' id='word_1_157' title='bbox 1644 1952 1727 2027; x_wconf 84' lang='lat' dir='ltr'>que·</span> 
     </span>
     <span class='ocr_line' id='line_1_17' title="bbox 199 1953 1727 2131; baseline -0.001 -26"><span class='ocrx_word' id='word_1_158' title='bbox 199 2031 290 2105; x_wconf 90' lang='lat' dir='ltr'>dam</span> <span class='ocrx_word' id='word_1_159' title='bbox 316 2028 369 2104; x_wconf 87' lang='lat' dir='ltr'>sm</span> <span class='ocrx_word' id='word_1_160' title='bbox 390 1953 581 2127; x_wconf 78' lang='lat' dir='ltr'>domittgos</span> <span class='ocrx_word' id='word_1_161' title='bbox 606 2048 629 2126; x_wconf 86' lang='lat' dir='ltr'><strong>y</strong></span> <span class='ocrx_word' id='word_1_162' title='bbox 656 2027 767 2104; x_wconf 79' lang='lat' dir='ltr'>hellas</span> <span class='ocrx_word' id='word_1_163' title='bbox 792 2028 836 2105; x_wconf 91' lang='lat' dir='ltr'>de</span> <span class='ocrx_word' id='word_1_164' title='bbox 858 2028 1014 2129; x_wconf 80' lang='lat' dir='ltr'>&#39;gttardar</span> <span class='ocrx_word' id='word_1_165' title='bbox 1038 1982 1081 2102; x_wconf 82' lang='lat' dir='ltr'>de</span> <span class='ocrx_word' id='word_1_166' title='bbox 1105 2031 1143 2106; x_wconf 85' lang='lat' dir='ltr'>la</span> <span class='ocrx_word' id='word_1_167' title='bbox 1164 2026 1314 2126; x_wconf 85' lang='lat' dir='ltr'>Iglesta,</span> <span class='ocrx_word' id='word_1_168' title='bbox 1341 2057 1364 2125; x_wconf 86' lang='lat' dir='ltr'>y</span> <span class='ocrx_word' id='word_1_169' title='bbox 1389 2033 1441 2105; x_wconf 89' lang='lat' dir='ltr'>los</span> <span class='ocrx_word' id='word_1_170' title='bbox 1466 2056 1533 2131; x_wconf 87' lang='lat' dir='ltr'>que</span> <span class='ocrx_word' id='word_1_171' title='bbox 1557 2032 1593 2107; x_wconf 90' lang='lat' dir='ltr'>el</span> <span class='ocrx_word' id='word_1_172' title='bbox 1619 2028 1727 2105; x_wconf 77' lang='lat' dir='ltr'>ludio</span> 
     </span>
     <span class='ocr_line' id='line_1_18' title="bbox 205 2124 1729 2248; baseline -0.002 -40"><span class='ocrx_word' id='word_1_173' title='bbox 205 2134 299 2208; x_wconf 87' lang='lat' dir='ltr'>tiene</span> <span class='ocrx_word' id='word_1_174' title='bbox 324 2131 508 2232; x_wconf 83' lang='lat' dir='ltr'>privilegio</span> <span class='ocrx_word' id='word_1_175' title='bbox 533 2132 575 2204; x_wconf 88' lang='lat' dir='ltr'>de</span> <span class='ocrx_word' id='word_1_176' title='bbox 599 2131 755 2220; x_wconf 79' lang='lat' dir='ltr'>trabaiar</span> <span class='ocrx_word' id='word_1_177' title='bbox 776 2124 806 2206; x_wconf 77' lang='lat' dir='ltr'>st</span> <span class='ocrx_word' id='word_1_178' title='bbox 830 2130 972 2228; x_wconf 86' lang='lat' dir='ltr'>quiere,</span> <span class='ocrx_word' id='word_1_179' title='bbox 998 2130 1138 2229; x_wconf 87' lang='lat' dir='ltr'>quedan</span> <span class='ocrx_word' id='word_1_180' title='bbox 1159 2132 1263 2206; x_wconf 84' lang='lat' dir='ltr'>libres</span> <span class='ocrx_word' id='word_1_181' title='bbox 1291 2156 1443 2248; x_wconf 73' lang='lat' dir='ltr'>peraque</span> <span class='ocrx_word' id='word_1_182' title='bbox 1469 2136 1503 2207; x_wconf 90' lang='lat' dir='ltr'>el</span> <span class='ocrx_word' id='word_1_183' title='bbox 1528 2130 1635 2208; x_wconf 85' lang='lat' dir='ltr'>ludio</span> <span class='ocrx_word' id='word_1_184' title='bbox 1663 2130 1729 2206; x_wconf 88' lang='lat' dir='ltr'>dis·</span> 
     </span>
     <span class='ocr_line' id='line_1_19' title="bbox 204 2225 1731 2334; baseline -0.001 -26"><span class='ocrx_word' id='word_1_185' title='bbox 204 2255 324 2334; x_wconf 85' lang='lat' dir='ltr'>ponga</span> <span class='ocrx_word' id='word_1_186' title='bbox 350 2232 394 2307; x_wconf 90' lang='lat' dir='ltr'>de</span> <span class='ocrx_word' id='word_1_187' title='bbox 419 2234 570 2308; x_wconf 88' lang='lat' dir='ltr'>ellos...</span> <span class='ocrx_word' id='word_1_188' title='bbox 597 2255 704 2309; x_wconf 86' lang='lat' dir='ltr'>como</span> <span class='ocrx_word' id='word_1_189' title='bbox 729 2228 878 2329; x_wconf 90' lang='lat' dir='ltr'>persona</span> <span class='ocrx_word' id='word_1_190' title='bbox 903 2229 1005 2306; x_wconf 82' lang='lat' dir='ltr'>libre.</span> <span class='ocrx_word' id='word_1_191' title='bbox 1040 2231 1145 2308; x_wconf 80' lang='lat' dir='ltr'>Adde</span> <span class='ocrx_word' id='word_1_192' title='bbox 1169 2225 1280 2309; x_wconf 85' lang='lat' dir='ltr'>etiam</span> <span class='ocrx_word' id='word_1_193' title='bbox 1305 2255 1465 2331; x_wconf 86' lang='lat' dir='ltr'>praxtm,</span> <span class='ocrx_word' id='word_1_194' title='bbox 1491 2237 1536 2311; x_wconf 90' lang='lat' dir='ltr'>de</span> <span class='ocrx_word' id='word_1_195' title='bbox 1571 2260 1640 2332; x_wconf 87' lang='lat' dir='ltr'>qua</span> <span class='ocrx_word' id='word_1_196' title='bbox 1668 2256 1731 2307; x_wconf 85' lang='lat' dir='ltr'>an·</span> 
     </span>
     <span class='ocr_line' id='line_1_20' title="bbox 206 2327 1869 2429; baseline -0.002 -19"><span class='ocrx_word' id='word_1_197' title='bbox 206 2356 241 2410; x_wconf 88' lang='lat' dir='ltr'>te</span> <span class='ocrx_word' id='word_1_198' title='bbox 265 2334 431 2411; x_wconf 72' lang='lat' dir='ltr'>seculum</span> <span class='ocrx_word' id='word_1_199' title='bbox 457 2333 600 2408; x_wconf 85' lang='lat' dir='ltr'>testatur</span> <span class='ocrx_word' id='word_1_200' title='bbox 624 2327 664 2408; x_wconf 78' lang='lat' dir='ltr'>P.</span> <span class='ocrx_word' id='word_1_201' title='bbox 691 2330 896 2409; x_wconf 82' lang='lat' dir='ltr'>Franciseus</span> <span class='ocrx_word' id='word_1_202' title='bbox 920 2332 1105 2408; x_wconf 79' lang='lat' dir='ltr'>Diaztat‘to</span> <span class='ocrx_word' id='word_1_203' title='bbox 1129 2328 1166 2411; x_wconf 88' lang='lat' dir='ltr'>S.</span> <span class='ocrx_word' id='word_1_204' title='bbox 1178 2328 1211 2429; x_wconf 86' lang='lat' dir='ltr'>J</span> <span class='ocrx_word' id='word_1_205' title='bbox 1237 2335 1275 2409; x_wconf 88' lang='lat' dir='ltr'>in</span> <span class='ocrx_word' id='word_1_206' title='bbox 1301 2332 1358 2409; x_wconf 88' lang='lat' dir='ltr'>M.</span> <span class='ocrx_word' id='word_1_207' title='bbox 1368 2334 1404 2411; x_wconf 88' lang='lat' dir='ltr'>S.</span> <span class='ocrx_word' id='word_1_208' title='bbox 1431 2341 1483 2411; x_wconf 85' lang='lat' dir='ltr'>De</span> <span class='ocrx_word' id='word_1_209' title='bbox 1506 2335 1628 2425; x_wconf 81' lang='lat' dir='ltr'>infideli</span> <span class='ocrx_word' id='word_1_210' title='bbox 1659 2361 1730 2408; x_wconf 81' lang='lat' dir='ltr'>con·</span> <span class='ocrx_word' id='word_1_211' title='bbox 1863 2338 1869 2349; x_wconf 94' lang='grc'><strong><em>’</em></strong></span> 
     </span>
     <span class='ocr_line' id='line_1_21' title="bbox 204 2428 1732 2535; baseline -0.002 -22"><span class='ocrx_word' id='word_1_212' title='bbox 204 2432 325 2528; x_wconf 79' lang='lat' dir='ltr'>verso,</span> <span class='ocrx_word' id='word_1_213' title='bbox 350 2433 409 2510; x_wconf 92' lang='lat' dir='ltr'>ubi</span> <span class='ocrx_word' id='word_1_214' title='bbox 437 2432 510 2527; x_wconf 87' lang='lat' dir='ltr'>ait;</span> <span class='ocrx_word' id='word_1_215' title='bbox 536 2432 599 2508; x_wconf 76' lang='lat' dir='ltr'>Sed</span> <span class='ocrx_word' id='word_1_216' title='bbox 623 2430 675 2509; x_wconf 80' lang='lat' dir='ltr'>bie</span> <span class='ocrx_word' id='word_1_217' title='bbox 700 2428 804 2510; x_wconf 85' lang='lat' dir='ltr'>restat</span> <span class='ocrx_word' id='word_1_218' title='bbox 827 2429 1035 2525; x_wconf 81' lang='lat' dir='ltr'>difficultas,</span> <span class='ocrx_word' id='word_1_219' title='bbox 1061 2437 1144 2535; x_wconf 90' lang='lat' dir='ltr'>quid</span> <span class='ocrx_word' id='word_1_220' title='bbox 1165 2428 1354 2511; x_wconf 78' lang='lat' dir='ltr'>dicendum</span> <span class='ocrx_word' id='word_1_221' title='bbox 1373 2438 1416 2512; x_wconf 91' lang='lat' dir='ltr'>de</span> <span class='ocrx_word' id='word_1_222' title='bbox 1442 2435 1732 2535; x_wconf 76' lang='lat' dir='ltr'>nedphyrischri·</span> 
     </span>
     <span class='ocr_line' id='line_1_22' title="bbox 206 2533 1738 2635; baseline 0 -23"><span class='ocrx_word' id='word_1_223' title='bbox 206 2535 350 2631; x_wconf 71' lang='lat' dir='ltr'>stianb,</span> <span class='ocrx_word' id='word_1_224' title='bbox 374 2536 435 2635; x_wconf 92' lang='lat' dir='ltr'>qui</span> <span class='ocrx_word' id='word_1_225' title='bbox 461 2533 574 2612; x_wconf 86' lang='lat' dir='ltr'>solum</span> <span class='ocrx_word' id='word_1_226' title='bbox 599 2537 696 2612; x_wconf 90' lang='lat' dir='ltr'>diem</span> <span class='ocrx_word' id='word_1_227' title='bbox 721 2535 942 2613; x_wconf 84' lang='lat' dir='ltr'>dominicum</span> <span class='ocrx_word' id='word_1_228' title='bbox 967 2541 1003 2614; x_wconf 77' lang='lat' dir='ltr'>dl</span> <span class='ocrx_word' id='word_1_229' title='bbox 1029 2538 1120 2612; x_wconf 86' lang='lat' dir='ltr'>alios</span> <span class='ocrx_word' id='word_1_230' title='bbox 1144 2536 1217 2611; x_wconf 84' lang='lat' dir='ltr'>dies</span> <span class='ocrx_word' id='word_1_231' title='bbox 1252 2534 1355 2614; x_wconf 80' lang='lat' dir='ltr'>festos</span> <span class='ocrx_word' id='word_1_232' title='bbox 1389 2534 1647 2614; x_wconf 86' lang='lat' dir='ltr'>determinatos</span> <span class='ocrx_word' id='word_1_233' title='bbox 1669 2537 1738 2613; x_wconf 78' lang='lat' dir='ltr'>ob·-</span> 
     </span>
     <span class='ocr_line' id='line_1_23' title="bbox 206 2635 1734 2738; baseline 0 -25"><span class='ocrx_word' id='word_1_234' title='bbox 206 2635 345 2715; x_wconf 73' lang='lat' dir='ltr'>servare</span> <span class='ocrx_word' id='word_1_235' title='bbox 373 2659 536 2716; x_wconf 84' lang='lat' dir='ltr'>tenentur</span> <span class='ocrx_word' id='word_1_236' title='bbox 560 2663 604 2715; x_wconf 84' lang='lat' dir='ltr'>ex</span> <span class='ocrx_word' id='word_1_237' title='bbox 630 2639 810 2738; x_wconf 83' lang='lat' dir='ltr'>priuilegio</span> <span class='ocrx_word' id='word_1_238' title='bbox 835 2635 1023 2738; x_wconf 68' lang='lat' dir='ltr'>possent-ne</span> <span class='ocrx_word' id='word_1_239' title='bbox 1061 2636 1174 2715; x_wconf 73' lang='lat' dir='ltr'>diuis</span> <span class='ocrx_word' id='word_1_240' title='bbox 1199 2636 1357 2715; x_wconf 83' lang='lat' dir='ltr'>dominis</span> <span class='ocrx_word' id='word_1_241' title='bbox 1389 2643 1493 2736; x_wconf 87' lang='lat' dir='ltr'>cogi,</span> <span class='ocrx_word' id='word_1_242' title='bbox 1518 2660 1559 2717; x_wconf 89' lang='lat' dir='ltr'>ut</span> <span class='ocrx_word' id='word_1_243' title='bbox 1593 2643 1630 2714; x_wconf 87' lang='lat' dir='ltr'>in</span> <span class='ocrx_word' id='word_1_244' title='bbox 1656 2640 1734 2715; x_wconf 84' lang='lat' dir='ltr'>aliis</span> 
     </span>
     <span class='ocr_line' id='line_1_24' title="bbox 208 2735 1734 2842; baseline 0.002 -27"><span class='ocrx_word' id='word_1_245' title='bbox 208 2741 329 2816; x_wconf 84' lang='lat' dir='ltr'>diebus</span> <span class='ocrx_word' id='word_1_246' title='bbox 352 2736 446 2816; x_wconf 85' lang='lat' dir='ltr'>festis</span> <span class='ocrx_word' id='word_1_247' title='bbox 470 2761 656 2817; x_wconf 81' lang='lat' dir='ltr'>exerceant</span> <span class='ocrx_word' id='word_1_248' title='bbox 679 2741 844 2818; x_wconf 76' lang='lat' dir='ltr'>servilia?</span> <span class='ocrx_word' id='word_1_249' title='bbox 870 2738 1117 2838; x_wconf 76' lang='lat' dir='ltr'>Respondeo,</span> <span class='ocrx_word' id='word_1_250' title='bbox 1153 2742 1249 2841; x_wconf 85' lang='lat' dir='ltr'>quod</span> <span class='ocrx_word' id='word_1_251' title='bbox 1273 2743 1312 2818; x_wconf 90' lang='lat' dir='ltr'>in</span> <span class='ocrx_word' id='word_1_252' title='bbox 1336 2741 1434 2841; x_wconf 84' lang='lat' dir='ltr'>praxi</span> <span class='ocrx_word' id='word_1_253' title='bbox 1462 2735 1614 2842; x_wconf 74' lang='lat' dir='ltr'>politum</span> <span class='ocrx_word' id='word_1_254' title='bbox 1647 2740 1734 2835; x_wconf 91' lang='lat' dir='ltr'>est,</span> 
     </span>
     <span class='ocr_line' id='line_1_25' title="bbox 208 2838 1733 2944; baseline 0.001 -27"><span class='ocrx_word' id='word_1_255' title='bbox 208 2862 251 2918; x_wconf 85' lang='lat' dir='ltr'>ut</span> <span class='ocrx_word' id='word_1_256' title='bbox 277 2841 344 2918; x_wconf 81' lang='lat' dir='ltr'>suis</span> <span class='ocrx_word' id='word_1_257' title='bbox 368 2843 611 2919; x_wconf 84' lang='lat' dir='ltr'>voluntatibus</span> <span class='ocrx_word' id='word_1_258' title='bbox 635 2845 945 2944; x_wconf 83' lang='lat' dir='ltr'>relinquantur...</span> <span class='ocrx_word' id='word_1_259' title='bbox 973 2838 1118 2921; x_wconf 80' lang='lat' dir='ltr'>Poliunt</span> <span class='ocrx_word' id='word_1_260' title='bbox 1144 2842 1250 2920; x_wconf 75' lang='lat' dir='ltr'>libere</span> <span class='ocrx_word' id='word_1_261' title='bbox 1275 2842 1461 2936; x_wconf 80' lang='lat' dir='ltr'>laborare,</span> <span class='ocrx_word' id='word_1_262' title='bbox 1481 2842 1546 2920; x_wconf 83' lang='lat' dir='ltr'>sed</span> <span class='ocrx_word' id='word_1_263' title='bbox 1572 2869 1645 2919; x_wconf 92' lang='lat' dir='ltr'>non</span> <span class='ocrx_word' id='word_1_264' title='bbox 1672 2866 1733 2919; x_wconf 89' lang='lat' dir='ltr'>co·</span> 
     </span>
     <span class='ocr_line' id='line_1_26' title="bbox 207 2943 1662 3042; baseline -0.002 -22"><span class='ocrx_word' id='word_1_265' title='bbox 207 2944 246 3040; x_wconf 81' lang='lat' dir='ltr'>gi</span> <span class='ocrx_word' id='word_1_266' title='bbox 271 2945 292 3020; x_wconf 77' lang='lat' dir='ltr'>d</span> <span class='ocrx_word' id='word_1_267' title='bbox 318 2947 493 3020; x_wconf 88' lang='lat' dir='ltr'>dominis.</span> <span class='ocrx_word' id='word_1_268' title='bbox 522 2945 577 3021; x_wconf 89' lang='lat' dir='ltr'>Ita</span> <span class='ocrx_word' id='word_1_269' title='bbox 604 2946 824 3023; x_wconf 87' lang='lat' dir='ltr'>declararum</span> <span class='ocrx_word' id='word_1_270' title='bbox 848 2945 920 3039; x_wconf 88' lang='lat' dir='ltr'>est,</span> <span class='ocrx_word' id='word_1_271' title='bbox 945 2950 981 3023; x_wconf 82' lang='lat' dir='ltr'>dt</span> <span class='ocrx_word' id='word_1_272' title='bbox 1007 2944 1223 3042; x_wconf 83' lang='lat' dir='ltr'>prohibitum</span> <span class='ocrx_word' id='word_1_273' title='bbox 1247 2948 1286 3022; x_wconf 92' lang='lat' dir='ltr'>in</span> <span class='ocrx_word' id='word_1_274' title='bbox 1309 2943 1479 3021; x_wconf 83' lang='lat' dir='ltr'>Conctlio</span> <span class='ocrx_word' id='word_1_275' title='bbox 1501 2946 1662 3032; x_wconf 71' lang='lat' dir='ltr'>Limetss.</span> 
     </span>
    </p>

    <p class='ocr_par' dir='ltr' id='par_1_7' title="bbox 209 3042 1846 4571">
     <span class='ocr_line' id='line_1_27' title="bbox 309 3042 1736 3144; baseline -0.001 -22"><span class='ocrx_word' id='word_1_276' title='bbox 309 3044 454 3122; x_wconf 81' lang='lat' dir='ltr'>Contra</span> <span class='ocrx_word' id='word_1_277' title='bbox 481 3070 539 3138; x_wconf 86' lang='lat'>2.,</span> <span class='ocrx_word' id='word_1_278' title='bbox 562 3046 793 3124; x_wconf 77' lang='lat' dir='ltr'>nntnlalsum</span> <span class='ocrx_word' id='word_1_279' title='bbox 818 3046 890 3137; x_wconf 85' lang='lat' dir='ltr'>cll,</span> <span class='ocrx_word' id='word_1_280' title='bbox 917 3042 1514 3124; x_wconf 71' lang='lat' dir='ltr'>facultatem-haetenussclavorum</span> <span class='ocrx_word' id='word_1_281' title='bbox 1535 3047 1736 3144; x_wconf 85' lang='lat' dir='ltr'>propriam,</span> 
     </span>
     <span class='ocr_line' id='line_1_28' title="bbox 210 3142 1745 3249; baseline 0 -28"><span class='ocrx_word' id='word_1_282' title='bbox 210 3142 388 3222; x_wconf 81' lang='lat' dir='ltr'>referendi</span> <span class='ocrx_word' id='word_1_283' title='bbox 414 3148 578 3224; x_wconf 85' lang='lat' dir='ltr'>videlicet</span> <span class='ocrx_word' id='word_1_284' title='bbox 606 3151 642 3222; x_wconf 90' lang='lat' dir='ltr'>in</span> <span class='ocrx_word' id='word_1_285' title='bbox 666 3147 746 3225; x_wconf 86' lang='lat' dir='ltr'>usus</span> <span class='ocrx_word' id='word_1_286' title='bbox 772 3149 931 3247; x_wconf 86' lang='lat' dir='ltr'>proprios</span> <span class='ocrx_word' id='word_1_287' title='bbox 957 3145 1126 3227; x_wconf 81' lang='lat' dir='ltr'>festorum</span> <span class='ocrx_word' id='word_1_288' title='bbox 1150 3172 1296 3249; x_wconf 80' lang='lat' dir='ltr'>operas,</span> <span class='ocrx_word' id='word_1_289' title='bbox 1323 3146 1597 3225; x_wconf 84' lang='lat' dir='ltr'>ortumducere</span> <span class='ocrx_word' id='word_1_290' title='bbox 1621 3171 1665 3223; x_wconf 78' lang='lat' dir='ltr'>ert</span> <span class='ocrx_word' id='word_1_291' title='bbox 1691 3172 1745 3222; x_wconf 84' lang='lat' dir='ltr'>eo</span> 
     </span>
     <span class='ocr_line' id='line_1_29' title="bbox 209 3240 1737 3353; baseline 0.003 -32"><span class='ocrx_word' id='word_1_292' title='bbox 209 3247 310 3346; x_wconf 76' lang='lat' dir='ltr'>quod</span> <span class='ocrx_word' id='word_1_293' title='bbox 346 3240 420 3353; x_wconf 79' lang='lat' dir='ltr'>iph·</span> <span class='ocrx_word' id='word_1_294' title='bbox 446 3250 659 3349; x_wconf 84' lang='lat' dir='ltr'>pomerint,</span> <span class='ocrx_word' id='word_1_295' title='bbox 695 3246 832 3325; x_wconf 87' lang='lat' dir='ltr'>domini</span> <span class='ocrx_word' id='word_1_296' title='bbox 863 3277 940 3327; x_wconf 85' lang='lat' dir='ltr'>non</span> <span class='ocrx_word' id='word_1_297' title='bbox 976 3250 1155 3349; x_wconf 85' lang='lat' dir='ltr'>potuerint</span> <span class='ocrx_word' id='word_1_298' title='bbox 1180 3248 1357 3327; x_wconf 86' lang='lat' dir='ltr'>servilibus</span> <span class='ocrx_word' id='word_1_299' title='bbox 1380 3244 1575 3349; x_wconf 83' lang='lat' dir='ltr'>occupari.</span> <span class='ocrx_word' id='word_1_300' title='bbox 1609 3248 1737 3348; x_wconf 86' lang='lat' dir='ltr'>Neque</span> 
     </span>
     <span class='ocr_line' id='line_1_30' title="bbox 212 3346 1736 3452; baseline 0.001 -26"><span class='ocrx_word' id='word_1_301' title='bbox 212 3346 476 3426; x_wconf 80' lang='lat' dir='ltr'>nine-facultas</span> <span class='ocrx_word' id='word_1_302' title='bbox 499 3353 576 3427; x_wconf 81' lang='lat' dir='ltr'>ulie</span> <span class='ocrx_word' id='word_1_303' title='bbox 611 3350 651 3426; x_wconf 90' lang='lat' dir='ltr'>in</span> <span class='ocrx_word' id='word_1_304' title='bbox 677 3352 873 3428; x_wconf 86' lang='lat' dir='ltr'>sclavorum</span> <span class='ocrx_word' id='word_1_305' title='bbox 911 3350 1249 3428; x_wconf 83' lang='lat' dir='ltr'>farorem&#39;deritari</span> <span class='ocrx_word' id='word_1_306' title='bbox 1285 3351 1419 3452; x_wconf 72' lang='lat' dir='ltr'>potestt</span> <span class='ocrx_word' id='word_1_307' title='bbox 1448 3375 1535 3427; x_wconf 80' lang='lat' dir='ltr'>nam</span> <span class='ocrx_word' id='word_1_308' title='bbox 1560 3351 1650 3427; x_wconf 73' lang='lat' dir='ltr'>redii</span> <span class='ocrx_word' id='word_1_309' title='bbox 1677 3376 1736 3427; x_wconf 76' lang='lat' dir='ltr'>co·</span> 
     </span>
     <span class='ocr_line' id='line_1_31' title="bbox 214 3446 1738 3553; baseline 0.001 -26"><span class='ocrx_word' id='word_1_310' title='bbox 214 3452 349 3545; x_wconf 73' lang='lat' dir='ltr'>heret,</span> <span class='ocrx_word' id='word_1_311' title='bbox 376 3452 531 3528; x_wconf 82' lang='lat' dir='ltr'>sclavum</span> <span class='ocrx_word' id='word_1_312' title='bbox 554 3446 672 3551; x_wconf 81' lang='lat' dir='ltr'>polle,</span> <span class='ocrx_word' id='word_1_313' title='bbox 700 3456 886 3531; x_wconf 89' lang='lat' dir='ltr'>dominum</span> <span class='ocrx_word' id='word_1_314' title='bbox 912 3481 984 3530; x_wconf 92' lang='lat' dir='ltr'>non</span> <span class='ocrx_word' id='word_1_315' title='bbox 1009 3451 1104 3553; x_wconf 75' lang='lat' dir='ltr'>pone</span> <span class='ocrx_word' id='word_1_316' title='bbox 1128 3454 1313 3547; x_wconf 75' lang='lat' dir='ltr'>laborare,</span> <span class='ocrx_word' id='word_1_317' title='bbox 1340 3481 1423 3533; x_wconf 86' lang='lat' dir='ltr'>cum</span> <span class='ocrx_word' id='word_1_318' title='bbox 1448 3476 1493 3529; x_wconf 89' lang='lat' dir='ltr'>eo</span> <span class='ocrx_word' id='word_1_319' title='bbox 1517 3452 1613 3553; x_wconf 92' lang='lat' dir='ltr'>quod</span> <span class='ocrx_word' id='word_1_320' title='bbox 1637 3453 1738 3528; x_wconf 82' lang='lat' dir='ltr'>labor</span> 
     </span>
     <span class='ocr_line' id='line_1_32' title="bbox 212 3552 1736 3649; baseline 0 -19"><span class='ocrx_word' id='word_1_321' title='bbox 212 3552 447 3633; x_wconf 86' lang='lat' dir='ltr'>nihilominus</span> <span class='ocrx_word' id='word_1_322' title='bbox 471 3553 576 3632; x_wconf 82' lang='lat' dir='ltr'>sclavi</span> <span class='ocrx_word' id='word_1_323' title='bbox 603 3557 725 3631; x_wconf 83' lang='lat' dir='ltr'>cedere</span> <span class='ocrx_word' id='word_1_324' title='bbox 751 3557 876 3633; x_wconf 84' lang='lat' dir='ltr'>debeat</span> <span class='ocrx_word' id='word_1_325' title='bbox 913 3557 949 3632; x_wconf 87' lang='lat' dir='ltr'>in</span> <span class='ocrx_word' id='word_1_326' title='bbox 975 3554 1136 3649; x_wconf 88' lang='lat' dir='ltr'>domini,</span> <span class='ocrx_word' id='word_1_327' title='bbox 1173 3561 1308 3634; x_wconf 84' lang='lat' dir='ltr'>&amp;non</span> <span class='ocrx_word' id='word_1_328' title='bbox 1334 3558 1372 3631; x_wconf 88' lang='lat' dir='ltr'>in</span> <span class='ocrx_word' id='word_1_329' title='bbox 1397 3554 1602 3647; x_wconf 73' lang='lat' dir='ltr'>&#39;laborantis</span> <span class='ocrx_word' id='word_1_330' title='bbox 1627 3555 1736 3630; x_wconf 86' lang='lat' dir='ltr'>sclavi</span> 
     </span>
     <span class='ocr_line' id='line_1_33' title="bbox 216 3652 1846 3759; baseline -0.001 -28"><span class='ocrx_word' id='word_1_331' title='bbox 216 3658 470 3733; x_wconf 82' lang='lat' dir='ltr'>commodum.</span> <span class='ocrx_word' id='word_1_332' title='bbox 496 3652 570 3731; x_wconf 76' lang='lat' dir='ltr'>Fac</span> <span class='ocrx_word' id='word_1_333' title='bbox 594 3661 691 3734; x_wconf 90' lang='lat' dir='ltr'>enim</span> <span class='ocrx_word' id='word_1_334' title='bbox 716 3659 936 3759; x_wconf 72' lang='lat' dir='ltr'>precipiatur</span> <span class='ocrx_word' id='word_1_335' title='bbox 961 3659 1093 3735; x_wconf 85' lang='lat' dir='ltr'>clerico</span> <span class='ocrx_word' id='word_1_336' title='bbox 1118 3656 1338 3757; x_wconf 84' lang='lat' dir='ltr'>mancipium</span> <span class='ocrx_word' id='word_1_337' title='bbox 1361 3658 1533 3753; x_wconf 80' lang='lat' dir='ltr'>habenti,</span> <span class='ocrx_word' id='word_1_338' title='bbox 1559 3678 1599 3734; x_wconf 88' lang='lat' dir='ltr'>ur</span> <span class='ocrx_word' id='word_1_339' title='bbox 1620 3662 1646 3731; x_wconf 84' lang='lat' dir='ltr'>d</span> <span class='ocrx_word' id='word_1_340' title='bbox 1667 3656 1738 3749; x_wconf 83' lang='lat' dir='ltr'>ser·</span> <span class='ocrx_word' id='word_1_341' title='bbox 1842 3752 1846 3759; x_wconf 13' lang='grc' dir='ltr'>ἡ</span> 
     </span>
     <span class='ocr_line' id='line_1_34' title="bbox 215 3742 1741 3858; baseline 0.001 -27"><span class='ocrx_word' id='word_1_342' title='bbox 215 3761 341 3834; x_wconf 84' lang='lat' dir='ltr'>vilibus</span> <span class='ocrx_word' id='word_1_343' title='bbox 368 3758 436 3858; x_wconf 86' lang='lat' dir='ltr'>ipse</span> <span class='ocrx_word' id='word_1_344' title='bbox 463 3759 634 3837; x_wconf 86' lang='lat' dir='ltr'>abstineat</span> <span class='ocrx_word' id='word_1_345' title='bbox 660 3761 706 3837; x_wconf 89' lang='lat' dir='ltr'>ob</span> <span class='ocrx_word' id='word_1_346' title='bbox 730 3762 933 3837; x_wconf 84' lang='lat' dir='ltr'>decentiam</span> <span class='ocrx_word' id='word_1_347' title='bbox 968 3759 1075 3834; x_wconf 87' lang='lat' dir='ltr'>status</span> <span class='ocrx_word' id='word_1_348' title='bbox 1112 3756 1226 3835; x_wconf 87' lang='lat' dir='ltr'>etiam</span> <span class='ocrx_word' id='word_1_349' title='bbox 1251 3760 1289 3834; x_wconf 85' lang='lat' dir='ltr'>in</span> <span class='ocrx_word' id='word_1_350' title='bbox 1314 3752 1492 3856; x_wconf 70' lang='lat' dir='ltr'>profestis.</span> <span class='ocrx_word' id='word_1_351' title='bbox 1531 3742 1617 3834; x_wconf 84' lang='lat' dir='ltr'>Non</span> <span class='ocrx_word' id='word_1_352' title='bbox 1644 3780 1741 3853; x_wconf 87' lang='lat' dir='ltr'>pore·</span> 
     </span>
     <span class='ocr_line' id='line_1_35' title="bbox 211 3857 1740 3961; baseline -0.001 -27"><span class='ocrx_word' id='word_1_353' title='bbox 211 3863 261 3935; x_wconf 86' lang='lat' dir='ltr'>rit</span> <span class='ocrx_word' id='word_1_354' title='bbox 289 3862 325 3933; x_wconf 89' lang='lat' dir='ltr'>in</span> <span class='ocrx_word' id='word_1_355' title='bbox 350 3886 395 3935; x_wconf 87' lang='lat' dir='ltr'>co</span> <span class='ocrx_word' id='word_1_356' title='bbox 422 3859 503 3937; x_wconf 82' lang='lat' dir='ltr'>casu</span> <span class='ocrx_word' id='word_1_357' title='bbox 530 3863 633 3938; x_wconf 88' lang='lat' dir='ltr'>herus</span> <span class='ocrx_word' id='word_1_358' title='bbox 657 3918 668 3956; x_wconf 90' lang='lat'>,</span> <span class='ocrx_word' id='word_1_359' title='bbox 702 3867 834 3961; x_wconf 86' lang='lat' dir='ltr'>poterit</span> <span class='ocrx_word' id='word_1_360' title='bbox 869 3863 1088 3957; x_wconf 85' lang='lat' dir='ltr'>mancipium</span> <span class='ocrx_word' id='word_1_361' title='bbox 1114 3862 1264 3935; x_wconf 72' lang='lat' dir='ltr'>tradere</span> <span class='ocrx_word' id='word_1_362' title='bbox 1297 3857 1458 3934; x_wconf 85' lang='lat' dir='ltr'>servilia:</span> <span class='ocrx_word' id='word_1_363' title='bbox 1485 3865 1520 3935; x_wconf 79' lang='lat' dir='ltr'>dt</span> <span class='ocrx_word' id='word_1_364' title='bbox 1562 3858 1661 3932; x_wconf 89' lang='lat' dir='ltr'>labor</span> <span class='ocrx_word' id='word_1_365' title='bbox 1690 3879 1740 3933; x_wconf 86' lang='lat' dir='ltr'>ra·</span> 
     </span>
     <span class='ocr_line' id='line_1_36' title="bbox 217 3958 1741 4059; baseline -0.001 -23"><span class='ocrx_word' id='word_1_366' title='bbox 217 3986 303 4036; x_wconf 90' lang='lat' dir='ltr'>men</span> <span class='ocrx_word' id='word_1_367' title='bbox 329 3964 453 4036; x_wconf 89' lang='lat' dir='ltr'>cedere</span> <span class='ocrx_word' id='word_1_368' title='bbox 479 3963 591 4059; x_wconf 84' lang='lat' dir='ltr'>potest</span> <span class='ocrx_word' id='word_1_369' title='bbox 619 3986 659 4036; x_wconf 89' lang='lat' dir='ltr'>ac</span> <span class='ocrx_word' id='word_1_370' title='bbox 685 3965 789 4038; x_wconf 89' lang='lat' dir='ltr'>debet</span> <span class='ocrx_word' id='word_1_371' title='bbox 816 3965 851 4035; x_wconf 93' lang='lat' dir='ltr'>in</span> <span class='ocrx_word' id='word_1_372' title='bbox 878 3960 954 4037; x_wconf 90' lang='lat' dir='ltr'>heri</span> <span class='ocrx_word' id='word_1_373' title='bbox 982 3962 1234 4049; x_wconf 85' lang='lat' dir='ltr'>commodum.</span> <span class='ocrx_word' id='word_1_374' title='bbox 1262 3958 1310 4034; x_wconf 88' lang='lat' dir='ltr'>Et</span> <span class='ocrx_word' id='word_1_375' title='bbox 1336 3960 1482 4059; x_wconf 77' lang='lat' dir='ltr'>clericus</span> <span class='ocrx_word' id='word_1_376' title='bbox 1507 3961 1628 4059; x_wconf 88' lang='lat' dir='ltr'>quidni</span> <span class='ocrx_word' id='word_1_377' title='bbox 1664 3960 1741 4057; x_wconf 86' lang='lat' dir='ltr'>pos·</span> 
     </span>
     <span class='ocr_line' id='line_1_37' title="bbox 216 4056 1740 4162; baseline 0 -24"><span class='ocrx_word' id='word_1_378' title='bbox 216 4061 262 4138; x_wconf 88' lang='lat' dir='ltr'>stt</span> <span class='ocrx_word' id='word_1_379' title='bbox 287 4063 325 4136; x_wconf 89' lang='lat' dir='ltr'>in</span> <span class='ocrx_word' id='word_1_380' title='bbox 361 4064 450 4137; x_wconf 87' lang='lat' dir='ltr'>dato</span> <span class='ocrx_word' id='word_1_381' title='bbox 487 4062 734 4159; x_wconf 86' lang='lat' dir='ltr'>prohibitionis</span> <span class='ocrx_word' id='word_1_382' title='bbox 769 4061 830 4138; x_wconf 85' lang='lat' dir='ltr'>fibi</span> <span class='ocrx_word' id='word_1_383' title='bbox 867 4060 966 4138; x_wconf 74' lang='lat' dir='ltr'>laete</span> <span class='ocrx_word' id='word_1_384' title='bbox 992 4056 1074 4139; x_wconf 77' lang='lat' dir='ltr'>calu</span> <span class='ocrx_word' id='word_1_385' title='bbox 1094 4062 1319 4162; x_wconf 83' lang='lat' dir='ltr'>mancipium</span> <span class='ocrx_word' id='word_1_386' title='bbox 1356 4084 1529 4160; x_wconf 85' lang='lat' dir='ltr'>praecepto</span> <span class='ocrx_word' id='word_1_387' title='bbox 1566 4068 1602 4139; x_wconf 79' lang='lat' dir='ltr'>dt</span> <span class='ocrx_word' id='word_1_388' title='bbox 1637 4086 1740 4160; x_wconf 75' lang='lat' dir='ltr'>prena</span> 
     </span>
     <span class='ocr_line' id='line_1_38' title="bbox 217 4160 1792 4264; baseline 0 -23"><span class='ocrx_word' id='word_1_389' title='bbox 217 4166 500 4263; x_wconf 66' lang='lat' dir='ltr'>compellerem</span> <span class='ocrx_word' id='word_1_390' title='bbox 525 4166 789 4240; x_wconf 85' lang='lat' dir='ltr'>laborandum?</span> <span class='ocrx_word' id='word_1_391' title='bbox 814 4166 912 4243; x_wconf 88' lang='lat' dir='ltr'>Nam</span> <span class='ocrx_word' id='word_1_392' title='bbox 939 4163 1169 4243; x_wconf 79' lang='lat' dir='ltr'>lieetsetvilla</span> <span class='ocrx_word' id='word_1_393' title='bbox 1193 4165 1318 4264; x_wconf 82' lang='lat' dir='ltr'>exequi</span> <span class='ocrx_word' id='word_1_394' title='bbox 1344 4160 1465 4241; x_wconf 78' lang='lat' dir='ltr'>seruile</span> <span class='ocrx_word' id='word_1_395' title='bbox 1485 4162 1552 4257; x_wconf 75' lang='lat' dir='ltr'>fit,</span> <span class='ocrx_word' id='word_1_396' title='bbox 1577 4184 1618 4241; x_wconf 86' lang='lat' dir='ltr'>ar</span> <span class='ocrx_word' id='word_1_397' title='bbox 1638 4191 1742 4241; x_wconf 80' lang='lat' dir='ltr'>men·</span> <span class='ocrx_word' id='word_1_398' title='bbox 1789 4251 1792 4257; x_wconf 48' lang='lat'>‚</span> 
     </span>
     <span class='ocr_line' id='line_1_39' title="bbox 215 4258 1759 4368; baseline 0.003 -26"><span class='ocrx_word' id='word_1_399' title='bbox 215 4269 306 4342; x_wconf 83' lang='lat' dir='ltr'>dara</span> <span class='ocrx_word' id='word_1_400' title='bbox 330 4268 413 4340; x_wconf 74' lang='lat' dir='ltr'>dure</span> <span class='ocrx_word' id='word_1_401' title='bbox 440 4269 493 4341; x_wconf 86' lang='lat' dir='ltr'>vel</span> <span class='ocrx_word' id='word_1_402' title='bbox 520 4290 662 4366; x_wconf 85' lang='lat' dir='ltr'>poenam</span> <span class='ocrx_word' id='word_1_403' title='bbox 687 4269 873 4343; x_wconf 86' lang='lat' dir='ltr'>decernere</span> <span class='ocrx_word' id='word_1_404' title='bbox 897 4264 947 4343; x_wconf 84' lang='lat' dir='ltr'>est</span> <span class='ocrx_word' id='word_1_405' title='bbox 971 4288 1057 4368; x_wconf 90' lang='lat' dir='ltr'>opus</span> <span class='ocrx_word' id='word_1_406' title='bbox 1084 4268 1120 4343; x_wconf 89' lang='lat' dir='ltr'>in</span> <span class='ocrx_word' id='word_1_407' title='bbox 1146 4265 1267 4367; x_wconf 83' lang='lat' dir='ltr'>primis</span> <span class='ocrx_word' id='word_1_408' title='bbox 1292 4266 1458 4344; x_wconf 84' lang='lat' dir='ltr'>liberale.</span> <span class='ocrx_word' id='word_1_409' title='bbox 1484 4258 1580 4367; x_wconf 80' lang='lat' dir='ltr'>Ergo</span> <span class='ocrx_word' id='word_1_410' title='bbox 1607 4264 1759 4365; x_wconf 53' lang='lat' dir='ltr'>pollent?</span> 
     </span>
     <span class='ocr_line' id='line_1_40' title="bbox 216 4366 1746 4470; baseline 0.001 -26"><span class='ocrx_word' id='word_1_411' title='bbox 216 4371 352 4470; x_wconf 85' lang='lat' dir='ltr'>pariter</span> <span class='ocrx_word' id='word_1_412' title='bbox 381 4370 542 4445; x_wconf 84' lang='lat' dir='ltr'>otiantes</span> <span class='ocrx_word' id='word_1_413' title='bbox 576 4370 653 4445; x_wconf 89' lang='lat' dir='ltr'>heri</span> <span class='ocrx_word' id='word_1_414' title='bbox 686 4368 821 4465; x_wconf 79' lang='lat' dir='ltr'>sclavos</span> <span class='ocrx_word' id='word_1_415' title='bbox 857 4372 1068 4467; x_wconf 87' lang='lat' dir='ltr'>compellere</span> <span class='ocrx_word' id='word_1_416' title='bbox 1104 4370 1313 4449; x_wconf 82' lang='lat' dir='ltr'>adlabores</span> <span class='ocrx_word' id='word_1_417' title='bbox 1348 4371 1386 4444; x_wconf 88' lang='lat' dir='ltr'>in</span> <span class='ocrx_word' id='word_1_418' title='bbox 1421 4366 1473 4444; x_wconf 89' lang='lat' dir='ltr'>sui</span> <span class='ocrx_word' id='word_1_419' title='bbox 1511 4370 1746 4448; x_wconf 86' lang='lat' dir='ltr'>commodum</span> 
     </span>
     <span class='ocr_line' id='line_1_41' title="bbox 220 4462 1745 4571; baseline -0.001 -24"><span class='ocrx_word' id='word_1_420' title='bbox 220 4472 437 4547; x_wconf 61' lang='lat' dir='ltr'>vertendos„</span> <span class='ocrx_word' id='word_1_421' title='bbox 471 4466 569 4565; x_wconf 85' lang='lat' dir='ltr'>Ergo</span> <span class='ocrx_word' id='word_1_422' title='bbox 594 4472 688 4571; x_wconf 86' lang='lat' dir='ltr'>quud</span> <span class='ocrx_word' id='word_1_423' title='bbox 709 4472 784 4546; x_wconf 83' lang='lat' dir='ltr'>&#39;hoc</span> <span class='ocrx_word' id='word_1_424' title='bbox 821 4492 896 4547; x_wconf 86' lang='lat' dir='ltr'>non</span> <span class='ocrx_word' id='word_1_425' title='bbox 922 4473 1100 4568; x_wconf 87' lang='lat' dir='ltr'>potuerint</span> <span class='ocrx_word' id='word_1_426' title='bbox 1124 4475 1163 4547; x_wconf 89' lang='lat' dir='ltr'>in</span> <span class='ocrx_word' id='word_1_427' title='bbox 1196 4469 1316 4550; x_wconf 84' lang='lat' dir='ltr'>diebits</span> <span class='ocrx_word' id='word_1_428' title='bbox 1338 4468 1462 4569; x_wconf 86' lang='lat' dir='ltr'>quibus</span> <span class='ocrx_word' id='word_1_429' title='bbox 1485 4462 1549 4569; x_wconf 85' lang='lat' dir='ltr'>ipst</span> <span class='ocrx_word' id='word_1_430' title='bbox 1584 4467 1745 4546; x_wconf 89' lang='lat' dir='ltr'>laborare</span> 
     </span>
    </p>
   </div>
   <div class='ocr_carea' id='block_1_3' title="bbox 198 4572 1903 5266">
    <p class='ocr_par' dir='ltr' id='par_1_8' title="bbox 198 4572 1903 5266">
     <span class='ocr_line' id='line_1_42' title="bbox 198 4572 1764 4699; baseline -0.003 -50"><span class='ocrx_word' id='word_1_431' title='bbox 198 4574 409 4699; x_wconf 73' lang='lat' dir='ltr'>nequibant</span> <span class='ocrx_word' id='word_1_432' title='bbox 432 4629 443 4665; x_wconf 90' lang='lat'>,</span> <span class='ocrx_word' id='word_1_433' title='bbox 479 4575 594 4694; x_wconf 75' lang='lat' dir='ltr'>oritur</span> <span class='ocrx_word' id='word_1_434' title='bbox 629 4574 801 4695; x_wconf 76' lang='lat' dir='ltr'>aliunde,</span> <span class='ocrx_word' id='word_1_435' title='bbox 836 4594 963 4695; x_wconf 68' lang='lat' dir='ltr'>nempe</span> <span class='ocrx_word' id='word_1_436' title='bbox 989 4574 1144 4697; x_wconf 41' lang='lat' dir='ltr'>isim*</span> <span class='ocrx_word' id='word_1_437' title='bbox 1163 4576 1281 4695; x_wconf 54' lang='lat' dir='ltr'>,³3ti</span> <span class='ocrx_word' id='word_1_438' title='bbox 1305 4596 1464 4691; x_wconf 62' lang='lat' dir='ltr'>trpquam</span> <span class='ocrx_word' id='word_1_439' title='bbox 1488 4572 1683 4678; x_wconf 66' lang='lat' dir='ltr'>derogem,</span> <span class='ocrx_word' id='word_1_440' title='bbox 1706 4577 1764 4675; x_wconf 69' lang='lat'>&amp;3¹</span> 
     </span>
     <span class='ocr_line' id='line_1_43' title="bbox 226 4670 1768 4885; baseline -0.001 -30"><span class='ocrx_word' id='word_1_441' title='bbox 226 4670 1183 4885; x_wconf 44' lang='lat' dir='ltr'>medztlfitiberbibieursfrbbibffbuitibiiidgdbprivilegio,</span> <span class='ocrx_word' id='word_1_442' title='bbox 1196 4770 1264 4870; x_wconf 87' lang='lat' dir='ltr'>stt,</span> <span class='ocrx_word' id='word_1_443' title='bbox 1290 4795 1436 4869; x_wconf 76' lang='lat' dir='ltr'>certum¹</span> <span class='ocrx_word' id='word_1_444' title='bbox 1450 4775 1500 4855; x_wconf 90' lang='lat' dir='ltr'>est</span> <span class='ocrx_word' id='word_1_445' title='bbox 1535 4799 1595 4876; x_wconf 86' lang='lat' dir='ltr'>per</span> <span class='ocrx_word' id='word_1_446' title='bbox 1626 4774 1768 4857; x_wconf 51' lang='lat' dir='ltr'>hovida.</span> 
     </span>
     <span class='ocr_line' id='line_1_44' title="bbox 221 4872 1903 4979; baseline 0.001 -22"><span class='ocrx_word' id='word_1_447' title='bbox 221 4880 348 4957; x_wconf 75' lang='lat' dir='ltr'>simam</span> <span class='ocrx_word' id='word_1_448' title='bbox 384 4881 673 4958; x_wconf 67' lang='lat' dir='ltr'>&#39;constitutionem</span> <span class='ocrx_word' id='word_1_449' title='bbox 709 4874 921 4961; x_wconf 77' lang='lat' dir='ltr'>deteriorem</span> <span class='ocrx_word' id='word_1_450' title='bbox 956 4878 1055 4954; x_wconf 89' lang='lat' dir='ltr'>reddi</span> <span class='ocrx_word' id='word_1_451' title='bbox 1093 4872 1357 4978; x_wconf 81' lang='lat' dir='ltr'>ne‘o’phyrorum</span> <span class='ocrx_word' id='word_1_452' title='bbox 1382 4878 1655 4972; x_wconf 87' lang='lat' dir='ltr'>conditionem,</span> <span class='ocrx_word' id='word_1_453' title='bbox 1686 4881 1746 4979; x_wconf 91' lang='lat' dir='ltr'>qui</span> <span class='ocrx_word' id='word_1_454' title='bbox 1894 4942 1903 4958; x_wconf 80' lang='grc'><strong><em>.</em></strong></span> 
     </span>
     <span class='ocr_line' id='line_1_45' title="bbox 217 4978 1892 5087; baseline -0.004 -26"><span class='ocrx_word' id='word_1_455' title='bbox 217 4984 377 5062; x_wconf 82' lang='lat' dir='ltr'>seruituti</span> <span class='ocrx_word' id='word_1_456' title='bbox 401 4982 484 5073; x_wconf 77' lang='lat' dir='ltr'>sunt</span> <span class='ocrx_word' id='word_1_457' title='bbox 507 4985 676 5078; x_wconf 85' lang='lat' dir='ltr'>obnoxii,</span> <span class='ocrx_word' id='word_1_458' title='bbox 692 4985 774 5085; x_wconf 82' lang='lat' dir='ltr'>hoc</span> <span class='ocrx_word' id='word_1_459' title='bbox 801 4981 878 5083; x_wconf 78' lang='lat' dir='ltr'>ipso</span> <span class='ocrx_word' id='word_1_460' title='bbox 899 4983 998 5083; x_wconf 85' lang='lat' dir='ltr'>quod</span> <span class='ocrx_word' id='word_1_461' title='bbox 1011 4982 1105 5057; x_wconf 87' lang='lat' dir='ltr'>illius</span> <span class='ocrx_word' id='word_1_462' title='bbox 1122 4982 1235 5059; x_wconf 82' lang='lat' dir='ltr'>causa</span> <span class='ocrx_word' id='word_1_463' title='bbox 1260 4985 1314 5058; x_wconf 86' lang='lat' dir='ltr'>vel</span> <span class='ocrx_word' id='word_1_464' title='bbox 1337 4980 1525 5060; x_wconf 71' lang='lat' dir='ltr'>occasione</span> <span class='ocrx_word' id='word_1_465' title='bbox 1549 5004 1644 5087; x_wconf 81' lang='lat' dir='ltr'>nunc</span> <span class='ocrx_word' id='word_1_466' title='bbox 1669 4978 1745 5081; x_wconf 85' lang='lat' dir='ltr'>pos-</span> <span class='ocrx_word' id='word_1_467' title='bbox 1891 5068 1892 5073; x_wconf 8' lang='grc' dir='ltr'><strong><em>Ν</em></strong></span> 
     </span>
     <span class='ocr_line' id='line_1_46' title="bbox 215 5081 1813 5266; baseline -0.003 -102"><span class='ocrx_word' id='word_1_468' title='bbox 215 5086 289 5168; x_wconf 79' lang='lat' dir='ltr'>dinc</span> <span class='ocrx_word' id='word_1_469' title='bbox 316 5082 481 5190; x_wconf 82' lang='lat' dir='ltr'>compelli</span> <span class='ocrx_word' id='word_1_470' title='bbox 509 5087 552 5165; x_wconf 91' lang='lat' dir='ltr'>ad</span> <span class='ocrx_word' id='word_1_471' title='bbox 578 5090 724 5188; x_wconf 80' lang='lat' dir='ltr'>operas,</span> <span class='ocrx_word' id='word_1_472' title='bbox 747 5087 772 5169; x_wconf 73' lang='lat' dir='ltr'>‚d</span> <span class='ocrx_word' id='word_1_473' title='bbox 797 5084 919 5185; x_wconf 89' lang='lat' dir='ltr'>quibus</span> <span class='ocrx_word' id='word_1_474' title='bbox 952 5083 1121 5162; x_wconf 70' lang='lat' dir='ltr'>hedenus</span> <span class='ocrx_word' id='word_1_475' title='bbox 1145 5086 1321 5264; x_wconf 55' lang='grc' dir='ltr'>ἱιτὸπέιιὲεὲ</span> <span class='ocrx_word' id='word_1_476' title='bbox 1356 5088 1481 5165; x_wconf 67' lang='lat' dir='ltr'>erant}</span> <span class='ocrx_word' id='word_1_477' title='bbox 1507 5084 1560 5163; x_wconf 65' lang='grc' dir='ltr'>Δΐ</span> <span class='ocrx_word' id='word_1_478' title='bbox 1584 5081 1746 5266; x_wconf 54' lang='lat' dir='ltr'>lngirleedb</span> <span class='ocrx_word' id='word_1_479' title='bbox 1809 5126 1813 5135; x_wconf 77' lang='lat'>=</span> 
     </span>
    </p>
   </div>
   <div class='ocr_carea' id='block_1_4' title="bbox 0 0 1958 5678">
    <p class='ocr_par' dir='ltr' id='par_1_9' title="bbox 0 0 1958 5678">
     <span class='ocr_line' id='line_1_47' title="bbox 0 0 1958 5678; baseline 0 0"><span class='ocrx_word' id='word_1_480' title='bbox 0 0 1958 5678; x_wconf 95' lang='lat' dir='ltr'> </span> 
     </span>
    </p>
   </div>
  </div>
 </body>
</html>
