3864 5686
669 306 1404 421 ΟκυικΑτιοκιε-’κΙ

628 584 1305 662 ADNOTATJONEs.

239 791 307 881 (ι)
332 786 518 864 Dunmodi
540 800 661 887 preter
684 788 927 888 indigentias.
952 785 1144 865 Concellio
1169 785 1242 865 sere
1268 790 1406 865 inutilis
1429 787 1573 863 devenit
1598 807 1643 858 cx
1657 781 1734 858 hae

189 892 419 982 conditione,
446 915 529 965 cum
564 910 688 988 praeter
714 890 950 990 indulgentias
987 892 1200 986 generaliter
1222 891 1400 966 concessas
1436 891 1633 985 reperiatur
1666 887 1734 960 ali·

190 1018 260 1099 qua
287 993 455 1068 undecim
482 1012 566 1068 ante
591 988 763 1068 mensibus
788 989 941 1068 ecclesrae
952 989 1164 1068 Bonacrensr
1190 991 1371 1085 concell'a,
1397 1017 1441 1068 ea
1464 992 1601 1091 scilicet
1614 1012 1732 1089 quam

190 1096 298 1173 retuli
323 1093 412 1170 Ord.
442 1104 527 1192 569.
554 1090 608 1172 Ut
634 1088 834 1194 appareat,
871 1095 993 1194 quanti
1021 1093 1063 1168 fit
1090 1095 1191 1171 Siluii
1217 1094 1430 1186 confilium,
1461 1094 1509 1172 de
1540 1116 1618 1194 quo
1646 1092 1734 1174 ibi,

195 1221 236 1275 ut
261 1200 320 1296 qui
341 1197 609 1297 xindulgentiam
634 1198 758 1293 quaerit
772 1251 784 1289 ,
810 1216 909 1271 curet
935 1195 1003 1270 hac
1029 1194 1101 1270 fine
1125 1195 1282 1273 clausula
1309 1196 1488 1287 concedi,
1503 1221 1548 1271 ne
1574 1196 1732 1294 gratiam

194 1320 337 1400 captare
364 1299 509 1374 inanem
536 1319 655 1388 amet,
684 1299 739 1373 vel
764 1296 908 1373 dubiam
936 1295 962 1372 li
987 1299 1169 1374 rationem
1189 1299 1388 1381 :dubitandi
1413 1297 1522 1373 faciat
1558 1295 1734 1372 sententia

195 1400 354 1480 Gobati.
382 1400 599 1478 Declaratio
633 1399 670 1474 S.
697 1398 996 1497 Congregationis
1032 1399 1077 1474 ibi
1105 1400 1242 1492 relata,
1268 1422 1309 1477 ut
1336 1400 1380 1476 ab
1415 1400 1635 1475 Innocentio
1669 1394 1733 1474 Xl.

110 1542 113 1547 ·
197 1504 426 1604 approbata,
460 1506 578 1578 minus
603 1500 717 1577 obstat
755 1500 927 1601 praesentis
949 1501 1179 1598 indulgentiae
1202 1504 1316 1579 valori
1338 1557 1350 1594 ,
1375 1527 1418 1579 ea
1451 1503 1581 1601 quippe
1619 1501 1732 1574 decla·

198 1627 296 1687 tatur
333 1603 448 1681 sensus
483 1602 645 1680 clausulae
680 1603 841 1722 habentis
877 1603 1034 1721 Qualibet
1070 1607 1149 1676 anni
1185 1602 1236 1679 die
1271 1603 1517 1695 vristantibu53
1554 1603 1656 1703 quod
1686 1600 1738 1675 his

197 1706 421 1813 prasentibus
458 1707 584 1783 litteris
620 1731 696 1781 non
730 1707 972 1806 exprimitur.
997 1701 1149 1783 Obstant
1176 1705 1263 1783 veri>
1288 1709 1464 1785 adnotata
1490 1703 1594 1805 super
1631 1701 1736 1784 Urba·

202 1812 241 1890 ni
267 1811 530 1887 declaratione.
624 1820 629 1828 '
701 1814 706 1823 '

200 1920 210 1939 ⁰
254 1917 335 2004 (11)
361 1910 592 1989 (armaret.
618 1911 733 1984 Petri.
760 1906 956 2000 Cuiusnam
990 1907 1179 1986 Cathedrae
1203 1907 1318 1988 sesto?
1343 1912 1550 2002 Romana,
1586 1933 1635 1984 an
1668 1908 1739 1983 An·

201 2015 416 2092 tiochenae?
450 2011 642 2113 Optimum
668 2010 751 2087 esset
775 2007 904 2105 fastu,
939 2007 967 2085 sr
1001 2010 1200 2109 postulator
1223 2011 1377 2110 egisset,
1414 2037 1455 2090 ut
1490 2013 1743 2111 exprimeretur

204 2119 242 2194 in
265 2118 361 2193 brevi
389 2172 401 2208 ,
437 2116 558 2213 nequis
583 2140 626 2189 ex
653 2115 884 2214 ambiguitate
919 2112 1148 2211 suspicaretur
1182 2117 1616 2214 gratiacaducitatem.
1654 2111 1745 2188 Dici

184 2216 339 2327 potest,
364 2216 587 2293 Cathedram
611 2216 647 2290 S.
673 2214 769 2291 Petri
796 2212 1078 2292 antonomasticd
1104 2214 1299 2315 fignificare
1324 2219 1561 2309 Romanam,
1595 2235 1741 2314 propter

205 2321 441 2397 eminentiam
468 2319 629 2405 videlieet
658 2315 860 2416 potestatis,
886 2325 922 2413 ὃ(
946 2317 1100 2415 gloriam
1126 2317 1319 2417 paffiunis.
1347 2320 1476 2420 Estque
1502 2321 1623 2416 regula
1647 2315 1741 2413 luris

204 2424 345 2541 Quies
370 2421 477 2496 idem.
509 2419 628 2513 fflDe
655 2422 801 2521 {Regalis
816 2420 939 2512 Juris:
973 2419 1013 2492 Si
1036 2417 1177 2497 verbum
1209 2422 1317 2497 habet
1351 2424 1439 2498 duas
1474 2417 1756 2520 significationes

208 2526 365 2645 proprias
375 2521 556 2702 ,Pslamtts¹
569 2522 601 2598 ei
625 2546 702 2622 qttae
728 2523 838 2623 aptior
862 2521 926 2613 eli.
952 2520 1000 2599 Et
1012 2516 1212 2621 Gregorius
1234 2524 1357 2625 Lopez
1378 2526 1553 2603 ridendus
1578 2524 1617 2597 in
1642 2521 1755 2619 leg.5.

214 2646 275 2708 ute
301 2645 364 2728 33·
420 2644 486 2704 art·
513 2647 552 2723 7⁶
1304 2668 1313 2689 ¹

538 2824 1124 2908 orturusrto
1222 2828 1438 2912 ututur.

771 3035 881 3109 Anno
909 3053 1019 3132 1745·
1041 3054 1083 3132 4·
1111 3034 1208 3134 nug.

311 3235 349 3314 T
373 3240 603 3339 prenitentes,
629 3234 798 3330 eonfelli,
825 3242 861 3315 dt
886 3234 984 3313 sacra
1010 3222 1264 3316 communione
1287 3235 1432 3332 referiri,
1458 3237 1519 3340 qui
1554 3233 1758 3315 Ecclesiam

337 3340 373 3417 S.
400 3339 589 3415 Michaelis
616 3344 683 3428 (r)
719 3341 931 3416 clericorum
955 3339 1144 3418 societatis
1182 3338 1264 3437 Jcstt
1290 3342 1447 3419 civitatis
1482 3336 1755 3426 Bona'e‘rensrs,

216 3445 347 3542 inqua
375 3444 446 3520 alia
474 3443 691 3541 indulgentia
718 3444 874 3542 plenaria
901 3442 1068 3540 reperitur
1094 3439 1278 3534 concessa,
1315 3444 1373 3519 die
1398 3439 1488 3520 sesto
1519 3443 1559 3521 S.
1588 3440 1688 3518 Petri
1713 3440 1755 3515 ad·

216 3546 359 3620 vincula
384 3543 621 3636 visitaverint,
648 3547 910 3639 ornaverint,
935 3545 1134 3645 plenariam
1159 3544 1443 3644 consequantur,
1475 3545 1524 3624 ad
1550 3543 1754 3646 quindecim

208 3671 353 3732 annos.
381 3645 436 3724 Ex
462 3645 731 3744 authograph0.

651 3844 1328 3929 ADNOTATJONES.

272 4062 339 4149 (l)
364 4058 539 4143 Ecclestam
575 4062 612 4131 S.
639 4057 844 4131 Michaelis.
880 4052 1048 4146 Eiusdem
1079 4052 1152 4135 diei
1186 4061 1223 4137 dt
1249 4059 1334 4132 anni
1373 4057 1467 4133 aliud
1503 4074 1610 4134 extat
1645 4072 1753 4130 exem

220 4164 296 4260 plar
320 4159 451 4239 eisdem
477 4160 587 4233 verbis
609 4179 845 4257 conceptum,
872 4155 939 4232 nist
964 4158 1059 4257 quod
1083 4156 1119 4233 S.
1146 4155 1337 4251 Michaelis
1360 4183 1435 4243 non
1459 4157 1679 4235 nominatur
1701 4175 1753 4226 ec·

113 4322 117 4329 .
209 4256 347 4338 'crena
373 4258 488 4347 Hujus
514 4261 607 4353 tituli
643 4256 704 4333 seu
739 4259 983 4336 advocationis
1014 4256 1200 4337 ecclestam
1236 4264 1373 4338 nullam
1409 4260 1567 4339 habebat
1603 4259 1755 4336 Societas

222 4369 260 4441 i'n
296 4361 507 4455 Bonoa'e're,
535 4384 599 4435 nec
624 4385 781 4460 unquam
817 4361 963 4437 habuit.
988 4363 1056 4439 Sed
1081 4361 1130 4439 est
1154 4387 1253 4439 error
1277 4365 1316 4439 in
1340 4366 1489 4439 nomine
1514 4418 1526 4457 ‚
1555 4387 1665 4462 quem
1688 4354 1751 4432 sut·

223 4465 258 4547 tc}
285 4464 567 4545 animadvertens
583 4463 786 4565 'postulator
812 4469 851 4543 in
876 4466 992 4567 primo
1015 4467 1218 4541 litterarum
1250 4468 1443 4564 exemplari
1470 4461 1666 4542 secundum
1692 4463 1750 4536 im·

225 4570 409 4672 petravit.
448 4571 506 4644 An
541 4568 625 4642 vero
664 4564 854 4656 illiusmodi
891 4592 1009 4643 errore
1035 4569 1179 4644 vitietur
1213 4567 1418 4667 rescriptum
1434 4602 1468 4662 ,,·
1493 4567 1547 4645 ita
1572 4588 1616 4645 ut
1651 4561 1758 4664 gratis

222 4676 389 4752 reddatur
414 4673 550 4764 nulla,
586 4669 794 4749 dubitaverit
819 4668 1023 4771 quispiam.
1060 4668 1108 4746 Et
1135 4670 1273 4765 videtur
1298 4671 1503 4771 negandum
1538 4696 1617 4772 arg.
1652 4675 1684 4767 ς.
1707 4663 1752 4738 si·

227 4780 298 4876 quis
323 4781 357 4851 in
382 4776 529 4866 nomine,
545 4770 641 4849 lust.
669 4774 746 4850 ibi:¹
765 4776 873 4848 Error
897 4772 1105 4848 mininis...
1132 4796 1207 4847 non
1234 4774 1361 4867 vitiat,
1386 4771 1414 4848 si
1439 4774 1483 4849 de
1517 4795 1674 4873 corpore
1696 4792 1755 4842 cert·

221 4880 311 4968 slat.
337 4877 435 4952 Sicut
461 4878 506 4951 de
531 4876 705 4973 legatario
731 4878 768 4952 in
796 4896 896 4953 textu
919 4878 1049 4953 dicitur
1083 4873 1190 4951 ibid:
1216 4876 1330 4973 Siquis
1368 4876 1407 4952 in
1427 4878 1690 4953 nominet-c..
1712 4872 1754 4944 le

227 4981 355 5077 gararii
382 4977 527 5054 testator
551 4978 751 5071 erraverit,
789 4976 815 5050 fi
852 4978 896 5052 de
932 4976 1078 5076 persona
1103 4976 1276 5072 constat,
1314 4979 1549 5057 nihilominus
1588 4980 1687 5054 valet
1717 4974 1757 5047 le·

228 5104 387 5185 parurn,
422 5081 583 5184 idemque
617 5082 659 5187 in
680 5078 872 5163 haeredibus
897 5077 1051 5162 servatur
1066 5136 1084 5177 ,¹
1115 5086 1152 5162 dt
1174 5080 1296 5160 redd.
1335 5081 1494 5162 Nomine
1521 5075 1761 5262 enimficligni·

926 5227 930 5233 ·
1666 5207 1725 5260 an·
