3856 5678
402 318 915 405 Anourotrca,
967 326 1077 395 1600.
1132 330 1241 419 1650.
1476 340 1549 421 37¹

67 456 179 549 bido,
205 456 233 535 fi
257 454 295 535 se
317 456 434 538 bacen
450 462 504 537 -de
527 460 645 539 neem
668 460 760 537 ellat
782 463 1046 553 revocationes,
1073 476 1107 562 p·
1120 460 1175 535 lob
1197 460 1364 535 vicarios.
1385 462 1604 539 nombtados

117 562 214 637 rloe
238 559 411 641 Cabildos
438 564 564 663 apelan
587 565 633 645 de
658 566 695 639 la
719 564 893 651 injusticia
917 565 962 638 de
987 565 1094 654 ellae,
1119 589 1143 657 y
1167 586 1339 639 occurren
1367 562 1395 635 -a
1420 566 1473 639 las
1504 564 1601 641 Rea·

66 584 363 745 {Audiencias
385 687 453 762 ‚por
479 667 536 742 via
561 666 605 739 de
630 662 772 755 ftterza,
798 689 866 765 que
890 662 974 743 seatt
1011 665 1222 763 amparados
1248 691 1269 758 y
1294 666 1520 742 mantenidos
1552 690 1601 742 en

67 766 125 845 lue
144 762 308 858 officiet,
335 791 359 861 y
384 767 554 862 aiudados
579 791 644 864 por
669 766 775 846 todos
797 770 854 847 los
876 768 1018 845 medios.
1040 765 1282 863 polsefforios,
1315 765 1390 841 srno
1423 765 1458 841 se
1485 769 1601 865 alega-

70 890 111 949 re
139 868 273 965 algam
298 866 403 947 causa
429 888 493 947 tan
516 892 647 966 grave,
673 894 741 969 que
767 870 882 968 pueda
907 866 1072 958 jullisrcar
1097 870 1133 943 la
1159 869 1393 943 revocaciou.
1421 866 1455 947 Y
1481 870 1514 943 la
1541 893 1601 944 ra-

66 969 209 1053 tonde
233 967 305 1045 ella
331 969 482 1066 predica
508 994 565 1063 es,
591 994 659 1071 que
686 984 825 1073 aunque
859 972 897 1045 la
922 971 1134 1049 revocacion
1160 972 1273 1068 penda
1298 970 1343 1043 de
1378 967 1457 1045 solo
1490 972 1524 1047 el
1550 972 1601 1049 al·

65 1069 194 1155 bedrio
219 1074 278 1151 del
299 1069 478 1165 Cabildb,
504 1070 573 1149 tue
598 1098 646 1154 en
669 1092 820 1150 materia
857 1090 921 1149 tan
945 1097 1051 1171 grave
1075 1098 1098 1169 y
1123 1097 1170 1148 en
1207 1096 1274 1171 que
1299 1069 1334 1146 se
1361 1092 1461 1155 trata
1493 1073 1601 1149 dela

58 1172 188 1257 bonta
213 1200 237 1269 y
260 1175 472 1273 reputacion
495 1176 556 1253 del
579 1177 785 1267 remoaldo,
808 1173 843 1257 se
866 1176 915 1250 ha
940 1176 985 1251 de
1007 1175 1175 1251 moderat
1200 1200 1221 1270 y
1246 1175 1340 1271 regit
1364 1200 1428 1272 por
1454 1196 1601 1249 tazoner

64 1272 355 1370 ·iustifi.cadas‚'y
379 1300 425 1351 en
451 1280 577 1353 nolas
601 1276 837 1353 harundo-se
862 1276 1023 1376 presume.
1055 1276 1178 1351 dolosa
1215 1302 1240 1375 y
1263 1276 1447 1353 maliciosa
1474 1281 1508 1351 la
1544 1300 1627 1352 re··

69 1378 269 1469 toeneium
305 1402 412 1459 como
447 1378 627 1459 hablando
653 1406 699 1453 en
734 1382 908 1457 terminos.
930 1380 975 1455 de
1000 1379 1055 1459 lus¹
1088 1379 1251 1459 Vicanos,
1285 1376 1506 1459 nombrados.
1535 1404 1604 1483 por·

70 1480 127 1561 los
153 1476 316 1575 obispos,
341 1484 380 1555 lo
404 1477 497 1561 dero
522 1482 613 1555 dicho
626 1537 637 1561 .,
660 1482 848 1581 Hucusque
872 1472 1114 1559 solorzanus,

100 1580 263 1679 ¹Nempe
288 1582 423 1673 jttdicat
448 1581 514 1657 hle
543 1585 705 1677 author,
744 1605 886 1667 attento
920 1586 1022 1677 jure,
1059 1580 1271 1681 attentisque
1303 1584 1602 1660 declarationibus.

67 1680 354 1776 cardinalium,
391 1690 427 1760 bt
461 1688 627 1766 omnium
662 1683 735 1760 fere
759 1683 933 1767 sententia
968 1706 1091 1784 prater
1125 1683 1345 1783 Ugolinum,
1384 1688 1496 1761 verius
1531 1684 1603 1766 elle

61 1785 167 1893 -quod
190 1783 582 1886 VicariusCapitularis
601 1787 707 1885 poffit
731 1813 795 1887 pro.
818 1790 923 1863 libito
948 1789 970 1862 a
994 1787 1162 1887 Capitulo
1186 1788 1380 1861 removeri.
1407 1788 1455 1863 Et
1481 1788 1598 1863 conse-

69 1907 219 1993 quenter
245 1890 384 1985 praxim
410 1888 577 1985 Judicum
611 1890 852 1987 Hispanorum
888 1888 956 1972 elle
980 1892 1202 1971 contrariam·
1233 1891 1417 1988 opinioni,
1442 1916 1520 1988 qua
1545 1908 1599 1969 at·

72 2008 176 2075 tento
201 1990 275 2081 jure
300 1993 416 2071 verior
438 1992 489 2069 est
514 1998 550 2073 bc
574 1995 822 2073 communior.
848 1992 919 2071 Sed
944 2016 1121 2093 quantum
1145 1994 1259 2068 deviet
1286 1995 1312 2069 a.
1333 2016 1417 2068 vero
1437 1992 1513 2067 htac
1531 1993 1603 2069 So·-

70 2094 209 2175 loraani
234 2092 405 2188 censura,
427 2095 600 2177 constabit
625 2118 669 2170 ex
691 2094 769 2170 solo
793 2092 972 2187 Battbosa,
1009 2123 1114 2195 quem
1138 2124 1250 2171 unum
1277 2097 1367 2170 citat
1407 2094 1600 2175 authorem

69 2218 177 2291 penes,
210 2219 317 2292 quem
351 2195 396 2272 fit
431 2196 607 2295 praesentis.
639 2199 681 2277 in.
711 2196 815 2277 causa
851 2197 1008 2275 Limane
1044 2198 1296 2275 declarationis
1327 2200 1494 2275 mentio.
1532 2196 1600 2277 Ait

63 2294 228 2381 ¹Barbosa
256 2303 349 2387 (a):
376 2302 571 2396 Capitulum
607 2295 698 2374 falla
723 2300 891 2381 elettione
928 2302 1062 2379 Vicarii
1089 2326 1162 2375 non
1190 2298 1282 2397 polle
1309 2303 1410 2375 illum
1449 2301 1597 2374 ad-libi·

70 2418 150 2473 tum
177 2422 366 2488 revocare,
391 2404 428 2475 bt
451 2424 588 2473 novum
613 2398 845 2489 constituere,
873 2420 973 2481 tenet·
997 2400 1393 2479 aloinus.1ticcius...,
1427 2401 1484 2478 Ex
1516 2427 1601 2477 cau·

71 2496 110 2581 la
139 2521 264 2577 tamen¹
285 2500 374 2574 bene
401 2496 473 2577 visa
499 2498 537 2578 S.
562 2496 842 2597 Congregationi
869 2500 963 2597 polle
987 2498 1213 2577 solummodo
1242 2504 1428 2578 Vicarium
1450 2502 1599 2599 capitu

69 2601 187 2679 larem
211 2598 255 2672 ab
278 2601 451 2682 exercitio
461 2602 656 2677 vicariatus.
674 2602 880 2695 removeri,
896 2604 1086 2681 declaravit
1099 2603 1246 2701 ipsamet
1272 2605 1431 2679 deanno.
1457 2598 1607 2701 163r·.·.'
1631 2680 1640 2697 ,

69 2699 368 2787 Vicarimn--aerb,
387 2707 412 2785 it,
435 2702 720 2803 Metropolitano
746 2705 957 2803 deputatum
983 2709 1020 2782 in
1045 2708 1118 2781 vim
1144 2706 1248 2795 hujus.
1269 2708 1431 2799 decreti,
1453 2708 1603 2805 quando.

66 2800 279 2901 Capitulum
304 2808 351 2879 ad
375 2807 471 2905 quod
492 2805 691 2905 spectabat,
718 2808 813 2890 intra
841 2830 983 2909 tempus.
1003 2808 1205 2893 aConcilio
1232 2808 1471 2909 prescriptum
1498 2808 1604 2890 illum

65 2930 144 2990 non
167 2907 369 3003 deputavit,
398 2911 560 2993 amoueri,
596 2906 764 3008 possead
794 2932 923 2985 nutum
949 2910 1051 3009 ipsius
1076 2912 1353 3010 Metropolitani
1366 2968 1382 3004 ,y
1412 2914 1486 2989 dixi
1521 2936 1598 3011 cap.

67 3030 132 3105 42.
159 3009 253 3098 (De
277 3010 474 3085 Canonicit
497 3016 513 3097 )
540 3035 577 3083 n.
602 3011 666 3105 48.
693 3010 883 3103 attestans,
910 3015 946 3086 id
970 3010 1070 3087 fuine
1095 3013 1253 3093 decisum¹
1275 3017 1313 3088 in
1349 3012 1510 3090 Limana
1537 3039 1605 3109 29..

63 3120 173 3211 Sept·
190 3117 301 3209 ¹⁶25·
327 3107 398 3193 Ubi
424 3130 546 3208 paret,
571 3112 774 3192 Solorzano.
793 3132 938 3189 mutato
957 3138 1053 3192 anno
1083 3125 1191 3210 1625.
1219 3119 1255 3188 in
1285 3124 1423 3208 1623„
1443 3118 1503 3214 qui
1526 3114 1600 3192 sor·

61 3232 104 3297 te
133 3234 299 3310 typorum
321 3211 374 3287 est
398 3236 528 3305 error,
567 3210 771 3309 praesetnem
797 3214 1059 3293 ordinationem
1084 3215 1130 3289 de
1154 3214 1325 3312 Capitulo
1359 3240 1403 3287 err
1439 3218 1510 3291 alia
1537 3242 1598 3291 cu·

63 3314 153 3401 disse
178 3319 283 3413 longe
308 3314 445 3389 diversa
469 3314 514 3395 de
540 3312 851 3412 Metropolitano,
876 3340 985 3414 quarn
1012 3316 1097 3398 vide·
1120 3312 1215 3397 infra,
1237 3314 1328 3390 Ord.
1359 3340 1444 3413 252.
1591 3344 1595 3353 ·

108 3418 242 3496 :Diana
269 3418 321 3506 (b)
348 3416 445 3491 hanc
471 3442 535 3514 pro
559 3417 667 3493 Lima
691 3414 907 3499 decifionem
932 3416 980 3493 stc
1004 3442 1049 3492 ex
1073 3420 1203 3496 eodem
1227 3418 1431 3495 Solorzano
1451 3414 1600 3514 refert,-

68 3542 113 3607 ut
137 3521 287 3601 dubium¹
308 3516 351 3593 stt
378 3526 412 3597 &
432 3516 641 3611 confusum,
669 3544 714 3591 an
734 3518 906 3619 Capitulo
924 3524 1143 3619 negligenti,
1166 3548 1215 3599 an
1232 3520 1519 3621 Metropolitano
1539 3546 1606 3599 ne·-

58 3623 282 3727 ·gligentiam
313 3618 493 3723 supplenri
523 3620 628 3697 detur
660 3618 816 3703 facultas,
847 3622 1061 3723 depuratum
1094 3627 1337 3707 removendi..
1366 3626 1431 3705 Ait
1466 3630 1565 3707 enim
1591 3655 1606 3708 ε.

62 3727 243 3811 ricarium
271 3725 490 3823 deputatum,
523 3726 546 3799 a
583 3721 943 3827 Metropolitanoob
976 3730 1236 3825 negligentiam
1266 3726 1430 3825 Capituli·
1462 3732 1504 3811 in,
1528 3732 1602 3806 vim

67 3828 203 3909 decreti
228 3826 458 3919 Tridentini,
483 3820 578 3924 polle
602 3828 648 3901 ad
674 3824 844 3917 ejusmodi
869 3849 999 3902 nutum
1021 3831 1212 3901 removeri.
1238 3830 1296 3901 Ad
1322 3831 1424 3915 cujus.
1444 3837 1605 3915 nutum?¹

64 3929 252 4027 Capituli,
279 3953 327 4004 an
350 3926 656 4025 Metropolitum?-
677 3926 843 4007 Dubium
870 3948 992 4001 tamen
1018 3930 1158 4008 tollitur
1181 3934 1222 4011 bt¹
1244 3927 1405 4004 confusro
1430 3955 1473 4004 ex
1500 3952 1605 4007 reno.

57 4058 111 4119 se
136 4030 346 4124 deeisronis,
367 4049 409 4105 ut
432 4026 481 4103 est
506 4030 599 4125 apud
624 4025 822 4103 Barbulam
846 4027 1034 4107 Solorzani
1060 4030 1213 4109 vadente·
1234 4034 1403 4109 Amoveri,
1436 4028 1601 4129 possead

58 4152 207 4215 nutum
228 4132 329 4227 ipbns
363 4131 640 4230 metropolitani:
677 4127 1012 4238 Gunsequcnterque
1047 4132 1094 4206 ad
1129 4131 1398 4216 attribuendam
1413 4128 1607 4237 ¹Capitulo.

61 4230 496 4339 -potestatem··llicarium
521 4234 725 4313 remouendi
752 4234 764 4307 i
825 4232 956 4315 ortune,
979 4232 1166 4315 adducitur
1189 4234 1273 4309 haec·
1292 4236 1515 4319 declaratiot
1538 4240 1603 4315 im·

69 4336 266 4441 portunius,
286 4334 335 4411 ad
360 4336 587 4425 asserendam
625 4338 776 4411 velcon
827 4337 977 4419 landam,
1008 4334 1195 4421 sententia·
1226 4336 1393 4438 U'golino.
1414 4344 1608 4425 contrariu

68 4441 251 4531 majorem
289 4438 575 4545 probabilitatem
613 4457 756 4515 attento
780 4441 884 4531 jure,
918 4441 1078 4523 maxime,
1099 4465 1183 4516 cum
1207 4438 1367 4521 Barbosa
1400 4444 1486 4527 ibid,
1508 4447 1609 4521 hanc·

69 4546 187 4629 aliam
213 4537 345 4621 reserat
367 4540 581 4619 decifionem
594 4544 832 4623 :uotummoto
857 4564 904 4615 ex·
925 4540 1030 4627 causa
1053 4542 1144 4621 benb
1176 4542 1251 4623 -visa
1280 4544 1321 4623 S..
1343 4542 1608 4645 Congtegatio.

57 4646 116 4737 ari
141 4642 235 4743 posse
260 4642 446 4717 vicarium
471 4644 683 4743 bcapimlo
707 4645 895 4721 nannoni.
922 4642 969 4719 Id¹
991 4646 1087 4743 quod
1114 4642 1205 4723 alias¹
1218 4644 1372 4721 decisum
1399 4646 1450 4721 eli
1475 4649 1516 4725 in
1535 4648 1611 4749 ept,

69 4734 167 4831 ltola
190 4747 345 4860 quadam
371 4744 408 4821 S.
434 4743 734 4847 Congregationis
759 4750 854 4847 apud
879 4748 941 4823 cit.
967 4746 1129 4824 Dianam
1150 4744 1203 4829 stc·
1222 4747 1375 4824 habente
1388 4775 1402 4827 ε,

107 5090 151 5169 (ι)
170 5040 415 5163 dermietis-ad
423 5048 726 5191 Gentilesejh'qtetjmj
750 5092 804 5167 'lbi
810 5096 1088 5174 ulmea-rea·
1096 5098 1287 5253 ξῖιοίῖηνδ.
1296 5094 1571 5171 tom-1··tr.·5·ls..75·.

1111 5198 1168 5259 [X
1218 5198 1247 5261 λ
1379 5224 1389 5241 ·
