3864 5686
538 335 1041 418 Aroarorrca.
1100 308 1205 435 r5bo.
1263 343 1369 437 ¹563·
1600 335 1667 414 181

198 475 247 552 llo
270 470 437 563 iratribus
461 475 636 577 Magistro
661 479 799 554 Simoni
826 480 1027 578 Rodriguez
1064 478 1251 578 Praeposrto
1276 478 1428 569 ejusdcm
1465 479 1648 555 Societatis
1685 483 1722 555 in

195 576 422 675 Portugalliae
459 604 569 679 regno
604 590 639 657 b(
676 581 915 657 transmarinis
952 583 1148 678 regionibus
1186 586 1277 661 citra
1313 581 1454 655 Indiam
1497 583 1723 658 Serenissrmo

196 677 418 778 Portugalliae
444 683 535 777 Regi
559 681 734 775 subjeslis,
770 690 805 759 de
841 684 917 756 aliis
941 681 1138 780 Praeposrtis
1164 684 1449 781 particularibus,
1489 687 1543 759 vel
1569 685 1722 761 aliorum

195 805 316 855 curam
342 785 538 881 gerentibus
564 786 602 858 in
630 810 738 882 reguo
763 784 880 882 Congi
907 791 943 860 bc
982 785 1082 858 lndia
1111 783 1257 859 Brasrlia
1284 808 1509 883 nuncupata,
1547 788 1643 863 &in
1671 792 1720 863 A·

193 879 279 957 stica
306 883 350 957 ab
375 886 499 960 eodem
524 885 669 959 Simone
695 886 912 976 constitutis,
938 886 1088 961 salutem
1116 887 1152 959 in
1178 886 1341 959 Domino
1367 884 1641 982 sempiternam.
1670 912 1708 961 :a

194 982 287 1058 Cum
313 983 385 1057 hoc
413 1010 507 1060 anno
534 985 663 1062 MDL.
691 989 735 1061 de
761 987 935 1062 diriffnnls
973 988 1124 1063 Domini
1151 986 1269 1063 Nostri
1280 985 1360 1082 jesu
1385 986 1538 1078 Christi,
1566 989 1720 1085 &Spon-

196 1083 235 1159 sae
260 1087 334 1171 ejus
359 1086 543 1178 Ecclesrae3
571 1113 611 1163 ac
635 1089 732 1163 Sedis
758 1088 969 1186 Apollolicae
996 1088 1164 1164 thesauris
1188 1110 1357 1186 quattuor
1383 1089 1555 1163 Ecclesras
1594 1092 1720 1167 Romae

194 1185 415 1262 invisentibus
439 1190 564 1278 jubilai
591 1192 731 1286 gratia,
757 1189 863 1281 idest,
889 1193 1053 1264 omnium
1080 1211 1305 1287 peccatorum
1342 1190 1533 1287 plenissima
1565 1189 1720 1267 remissio

196 1290 436 1382 condonetur,
463 1315 545 1365 cum
571 1316 631 1366 eos
657 1295 699 1365 de
725 1291 872 1384 nostris,
900 1317 941 1366 ac
966 1296 1116 1390 reliquos
1141 1292 1370 1383 christianos,
1395 1294 1523 1393 quibus·
1554 1293 1599 1366 ad
1624 1294 1718 1367 hanc

198 1386 326 1466 almam
355 1391 477 1465 urbem
504 1414 559 1467 tot
586 1416 684 1467 terrae
711 1419 753 1467 ac
778 1395 886 1468 maris
905 1396 1074 1484 rraeubus
1099 1394 1306 1482 disjmtstarn
1334 1396 1449 1468 venite
1474 1419 1548 1469 non
1575 1395 1717 1492 permit·
1806 1405 1808 1409 '

194 1490 298 1584 titur,
327 1493 370 1567 ab
396 1492 565 1582 ejusmodi
594 1499 707 1591 gratia
735 1520 807 1569 non
831 1497 967 1569 excludi
994 1520 1133 1593 aequurn
1158 1493 1396 1585 cerneremus,
1422 1495 1483 1569 SS.
1510 1495 1561 1570 D.
1588 1496 1635 1572 N·
1663 1494 1716 1570 D.
1805 1510 1809 1515 '

195 1588 285 1687 lulio
311 1592 349 1667 P.
378 1593 472 1687 111.,
497 1616 537 1671 ut
564 1597 629 1669 illis
655 1594 850 1671 absentibus
875 1599 1016 1694 quidem
1042 1620 1213 1693 corpote,
1241 1594 1460 1691 praesentibus
1487 1618 1606 1671 tamen
1640 1599 1717 1671 ani·

197 1695 241 1768 mi
267 1696 459 1769 devotione
483 1697 636 1770 eandem
662 1697 813 1794 gratiam
841 1698 1014 1795 impartiri
1034 1694 1258 1794 dignaretur,
1285 1695 1575 1795 supplicavimus,
1601 1701 1637 1775 ἃ
1656 1697 1718 1772 ob-

193 1797 378 1870 tinuimus:
405 1819 486 1872 eam
514 1820 634 1871 tamen
660 1800 802 1895 proprio
829 1823 931 1874 motu
956 1801 1203 1872 conditionem·
1227 1797 1377 1890 adjecit,
1404 1820 1443 1874 ut
1456 1800 1515 1896 qui
1528 1803 1571 1873 de
1597 1797 1717 1875 noslra

196 1896 370 1973 Societate
396 1899 433 1971 in
459 1899 626 1995 pralidtis
652 1899 850 1995 regionibus
875 1902 911 1975 in
937 1903 1038 1975 vinea
1064 1899 1217 1974 Domini
1243 1899 1429 1992 laborant,
1456 1924 1541 1974 curn
1565 1901 1665 1973 omni
1680 1901 1717 1975 in

197 2022 236 2072 ea
262 2020 363 2095 parte
386 1999 485 2076 Sedis
518 1999 728 2097 Apostolicae
765 2002 982 2078 authoritate
1019 2003 1172 2098 gratiam
1206 1999 1299 2074 hanc
1325 2001 1446 2099 quibus
1479 2004 1517 2074 in
1553 2000 1718 2076 Domino

196 2099 398 2190 rideretur,
437 2107 473 2179 dc
508 2126 549 2176 ea
587 2102 801 2198 imponendo
826 2128 900 2198 quae
923 2105 1123 2178 viderentur
1146 2100 1403 2200 dispensarent.
1440 2101 1517 2177 Nos
1550 2104 1656 2198 igitur
1682 2124 1718 2177 te
1798 2114 1804 2125 “

195 2202 326 2292 (wius
352 2203 543 2298 prudentiae
566 2229 642 2302 quae
665 2202 714 2278 est
742 2207 777 2276 in
803 2202 945 2279 Christo
962 2203 1048 2298 -Jesu
1075 2206 1265 2302 plurimum
1292 2202 1527 2292 confidimus)
1554 2205 1601 2279 ad
1626 2205 1714 2278 alio·

195 2326 267 2377 rum
292 2307 502 2379 eledlionem
527 2311 562 2380 ὅ(
586 2324 646 2379 eos
671 2329 757 2402 quos
782 2307 949 2401 elegeris,
975 2312 1011 2382 ὃ(
1037 2306 1116 2379 aliis
1138 2307 1175 2379 in
1200 2306 1296 2381 dieis
1322 2306 1408 2379 locis
1435 2310 1538 2393 (non
1562 2303 1635 2379 stne
1655 2307 1715 2380 de·

193 2404 276 2480 auu
301 2406 481 2494 virturis)
523 2404 778 2503 praeposuetis,
815 2407 861 2480 ad
885 2405 1053 2495 ejusmodi
1078 2407 1200 2503 gratia
1224 2405 1519 2482 ministrationem
1557 2405 1713 2503 defigna·

194 2528 286 2598 nus,
314 2511 350 2582 dt
376 2504 586 2603 potestatem
609 2509 630 2580 e
654 2507 743 2581 Sede
768 2505 971 2603 Apostolica
997 2507 1124 2581 habere
1150 2505 1352 2581 conserendi
1385 2507 1560 2596 jubilaeum
1594 2511 1712 2584 omni,

192 2602 246 2680 bas
267 2605 330 2682 sub
356 2607 555 2682 obedientia
583 2607 706 2682 nollrae
742 2606 929 2685 Societatis
955 2608 1158 2705 degentibus
1183 2664 1194 2701 ,
1219 2614 1255 2685 ὃ(
1279 2606 1476 2684 christianis
1510 2610 1634 2684 incolis
1658 2612 1713 2689 di·

153 2715 158 2725 '
192 2706 320 2784 starum
347 2711 532 2805 regionum
557 2710 605 2784 ad
639 2707 748 2785 fidem
782 2711 1000 2785 catholicam
1024 2710 1218 2802 conversis,
1244 2708 1303 2784 seu
1329 2711 1493 2801 advenis,
1529 2710 1588 2787 seu
1623 2738 1712 2811 quo·

193 2830 336 2906 cumque
361 2813 472 2886 modo
497 2812 544 2885 ibi
572 2810 785 2910 agentibus,
824 2814 882 2911 qui
910 2812 987 2886 vere
1013 2810 1154 2887 confessi
1182 2838 1222 2887 ea
1249 2810 1421 2904 fecerint,
1456 2837 1533 2909 quaa
1566 2839 1626 2889 vos
1661 2817 1712 2889 eis

192 2906 392 3007 imponetis,
419 2913 659 2987 declaramus:
686 2913 732 2986 Et
758 2933 798 2987 ut
826 2939 899 2987 non
926 2935 1068 2989 tanturn
1093 2912 1236 3006 fideles,
1262 2912 1379 2991 sed&
1405 2914 1591 3010 prudentes
1618 2919 1711 2993 tanti

192 3008 336 3087 thesauri
363 3009 615 3108 dispensatores
641 3014 686 3086 ad
709 3013 781 3086 Dei
807 3016 982 3109 gloriam,
1009 3017 1258 3091 &animarum
1285 3013 1432 3091 salutem
1460 3041 1521 3088 vos
1547 3017 1712 3093 exhibea·

190 3110 490 3285 tis,1hortamur.
516 3113 607 3189 Dat.
633 3114 761 3190 Romae
785 3115 823 3188 in
849 3114 1000 3190 AEdibus
1023 3115 1217 3192 Societatis
1239 3113 1321 3214 Jesu
1345 3116 1461 3192 Nonis
1486 3114 1571 3215 Julii
1600 3141 1710 3219 ¹550·

201 3226 233 3279 t:
283 3216 450 3314 gnatius.
479 3234 515 3289 :2

595 3419 1096 3498 ORDlN-ATIO
1144 3418 1315 3499 LXXXI.

823 3525 934 3598 Anno
964 3546 1079 3628 1551,

264 3721 429 3800 Oncessrt
454 3723 567 3820 Julius
592 3727 736 3802 Tertius
771 3727 1041 3803 Gnatemalensr
1065 3727 1229 3805 Ecclesiae
1262 3727 1300 3803 S.
1326 3724 1448 3822 Jacobi
1474 3751 1599 3803 omnes
1631 3753 1713 3826 gra·

290 3828 383 3918 tias,
408 3826 679 3922 indulgentias,
715 3836 750 3906 ὅ(
774 3830 929 3918 jubilaeos
956 3829 1115 3905 Ecclesrae
1140 3831 1178 3905 S.
1205 3826 1326 3921 Jacobi
1355 3828 1393 3901 in
1428 3826 1673 3925 Composlella
1700 3872 1739 3905 .·

197 3920 321 4000 lluthor
346 3927 397 4003 est
421 3927 597 4026 -AEgydius
622 3931 802 4005 Gonzalez
829 3932 959 4009 Davila
989 3933 1085 4030 apud
1108 3928 1149 4007 P.
1176 3928 1329 4004 Murillo
1354 3932 1454 4016 (a).
1478 3925 1579 4024 Quid
1590 3951 1712 4007 tamen

199 4020 317 4103 dehac
343 4032 673 4106 communicatione
699 4031 780 4106 usus
814 4032 965 4125 habeat,
1002 4054 1081 4129 pete
1107 4032 1152 4110 ab
1188 4030 1384 4127 indigenis,
1411 4030 1529 4105 audivi
1560 4034 1662 4106 enim
1681 4035 1711 4111 ,al

200 4125 264 4201 tiro
287 4133 454 4229 religioso
495 4132 697 4228 aliquandiu
722 4134 949 4209 Guatemalae
983 4153 1235 4226 commorato‚
1271 4134 1425 4228 gratiam
1460 4133 1558 4207 Amri
1592 4133 1713 4215 Sanffl

199 4218 458 4330 compostellani
484 4234 529 4309 ibi
555 4235 683 4308 habere
707 4237 849 4335 quidem
874 4236 999 4329 usrun,
1025 4237 1083 4309 sed
1108 4237 1293 4334 periodicis
1316 4234 1622 4333 supplicationibus
1646 4238 1711 4313 im-

197 4336 387 4417 mandam
411 4360 471 4434 per
489 4335 704 4434 septennia,
731 4337 816 4413 idest
841 4362 900 4435 per
924 4337 1076 4435 fingulas
1100 4336 1173 4413 sere
1199 4340 1310 4412 vices.
1336 4336 1384 4413 Et
1420 4333 1514 4412 sottb
1549 4334 1711 4417 concedi·

198 4438 247 4513 Μ.
264 4459 345 4511 cum
381 4437 675 4532 limitationibus,
701 4439 902 4539 'prasertim
924 4446 1008 4540 quia
1036 4437 1214 4516 vibranda
1235 4438 1390 4516 ccclefiae
1426 4438 1586 4520 labor&
1622 4468 1711 4541 opus

197 4531 326 4613 ulmeis
352 4541 398 4615 ibi
423 4537 495 4632 est,
520 4540 579 4614 ubi
607 4540 741 4617 insueta
764 4540 815 4616 est
841 4543 1096 4645 peregrinatio.
1439 4576 1443 4584 ·

213 4642 219 4649 '
283 4640 381 4716 Anni
407 4642 495 4717 verb
517 4640 799 4738 Composlellani
825 4646 980 4741 gratias,
1007 4642 1035 4717 sr
1059 4642 1327 4719 Guatemalensr
1350 4642 1516 4733 Ecclesrae
1548 4669 1715 4722 commu.
1761 4670 1764 4675 ·

192 4744 246 4807 Μ
265 4736 350 4838 snt,
376 4746 569 4844 explicatas
606 4746 683 4821 vide
722 4749 743 4822 a
778 4745 1012 4844 Calhopalao
1040 4746 1137 4837 (b),
1174 4748 1235 4845 qui
1271 4740 1446 4821 moialem
1486 4747 1709 4923 tltwbrsdgiam

389 4880 393 4886 .
1018 4880 1026 4889 .
1268 4882 1272 4887 .
1404 4876 1418 4891 .
1525 4882 1532 4891 .
1622 4877 1659 4925 ,u

205 4948 1710 4999 NU-—c-——n—q--u-——n—o-*n-—Q—mnu

225 5044 277 5125 ll)
296 5062 441 5136 armilla,
456 5061 512 5123 lib.
534 5084 562 5132 9·
584 5067 682 5137 θεοῖν.
698 5067 767 5139 illst·
827 5061 882 5135 (b)
904 5065 1055 5137 caaropal.
1073 5078 1141 5123 rom·
1163 5085 1189 5130 a·
1208 5077 1246 5122 rr.
1269 5084 1315 5128 η.
1334 5065 1372 5122 D.
1389 5064 1466 5124 arur'c·
1485 5067 1519 5122 P.
1543 5085 1585 5119 n.
1604 5064 1630 5125 s.
1652 5084 1679 5121 a.
