3864 5686
382 411 407 490 8
922 416 952 488 F
1000 414 1038 487 A
1087 415 1114 484 S
1161 415 1197 489 T
1247 415 1271 486 I

629 576 632 581 ·
1047 562 1156 650 1496.

468 712 471 717 ·
528 709 547 719 .
717 642 947 732 Terranova.
973 657 1074 754 long.
1103 676 1190 754 325.
1217 659 1298 731 Lat.
1325 678 1388 756 47.
1413 654 1480 735 bor.

345 810 351 827 ›
376 758 561 838 'Henricus
586 754 653 834 VI.
680 756 820 856 Angliae
844 760 924 838 Rex
948 759 1073 834 litteris
1097 759 1155 832 die
1183 780 1218 855 5.
1243 757 1372 834 Martii
1397 759 1514 855 datis,
1550 756 1682 858 Joanni
1715 766 1869 847 Gaboto

334 889 379 941 ac
401 859 511 939 tribus
533 862 605 951 ejus
629 858 709 936 filiis
733 859 942 960 potestatem
966 859 1051 936 fecit
1085 885 1196 936 novas
1231 863 1390 960 regiones
1415 865 1667 962 conquirendi,
1690 893 1735 945 eo
1761 874 1866 969 paeto

335 987 384 1042 ut·
401 966 493 1062 Regi
520 966 681 1040 cederent
707 963 781 1061 post
807 962 1000 1064 persolutor
1024 962 1182 1060 sumptus
1207 965 1245 1037 in
1274 964 1484 1041 adornanda
1507 965 1739 1066 navigatione
1774 971 1864 1071 post·

335 1090 413 1160 tos,
448 1067 613 1164 quintum
638 1067 725 1141 lucri
750 1066 847 1164 quod
884 1063 962 1163 ipsis
987 1062 1080 1141 sorte
1105 1064 1308 1141 obveniret.
1334 1066 1378 1140 Id
1404 1081 1517 1144 unum
1542 1095 1586 1145 ex
1611 1072 1759 1169 publicis
1791 1074 1866 1148 An-

336 1170 478 1269 glorum
503 1169 631 1243 tabulis
657 1166 825 1243 testatum
848 1166 1041 1258 habemur:
1068 1167 1242 1244 incertum
1276 1166 1327 1243 est
1350 1194 1438 1244 num
1464 1173 1609 1247 inventa
1642 1170 1685 1246 srt
1709 1172 1863 1250 reseren-

335 1275 381 1348 da
407 1269 583 1364 Gabotis,
608 1271 702 1368 quod
726 1267 825 1346 sama
852 1272 1031 1368 vulgavit,
1060 1265 1172 1345 insula
1199 1295 1220 1345 a
1245 1270 1478 1365 Terranova‚
1505 1280 1540 1351 dt
1565 1299 1640 1373 quae
1678 1278 1865 1353 continen-

335 1378 390 1448 tisv
405 1371 455 1448 est
480 1397 579 1470 pars,
607 1393 699 1448 terra
717 1371 981 1450 Laborarorea.
1008 1372 1132 1471 Neque
1157 1373 1270 1471 magis
1294 1371 1399 1448 estin
1419 1395 1602 1473 comperto
1628 1377 1673 1452 ad
1697 1402 1756 1474 55.
1783 1404 1865 1475 gra·

333 1476 398 1551 dus
423 1475 619 1551 latitudinis
642 1473 924 1572 septentrionalis
948 1499 1008 1551 eos
1034 1471 1248 1568 ascendisse,
1283 1501 1324 1551 ac
1358 1476 1522 1551 barbaros
1557 1477 1740 1570 sylvicolas
1775 1507 1860 1579 qua-

335 1598 419 1654 tuor
444 1574 639 1677 deportasse
665 1579 703 1653 in
728 1577 927 1678 Angliam.
964 1578 1049 1653 Non
1084 1576 1208 1654 desunt
1234 1576 1390 1677 professo
1414 1578 1596 1678 sotiptores
1620 1636 1631 1673 ,
1658 1586 1694 1657 bt
1719 1583 1864 1680 quidem

336 1705 481 1779 graves,
507 1682 567 1780 qui
591 1677 762 1778 nusquam
787 1681 947 1777 gentium
973 1679 1137 1754 Gabotos
1164 1681 1176 1709 *
1202 1679 1404 1776 Anglorum
1430 1683 1589 1779 auspiciis
1627 1686 1640 1712 *
1672 1683 1865 1759 exscensio-

333 1807 418 1858 nem
444 1780 557 1857 secisse
584 1780 781 1856 affirment.
808 1782 883 1856 Alii
909 1782 947 1854 in
973 1780 1042 1856 hac
1067 1778 1147 1856 sunt
1172 1780 1364 1875 sententia,
1405 1804 1445 1857 ut
1481 1783 1703 1877 existiment,
1730 1785 1863 1861 Estoti-

333 1886 515 1976 landiam,
540 1908 618 1981 qnae
650 1903 776 1959 contra
801 1877 1085 1959 Laboratoream
1112 1883 1157 1958 ad
1183 1885 1458 1982 septentrionem
1487 1891 1542 1960 vel
1568 1887 1661 1962 illius
1697 1887 1863 1966 occiden-

332 2005 409 2061 tem
433 1985 710 2077 describebatur,
737 1982 886 2060 acerris
911 1983 1098 2061 Frislandis
1123 1984 1351 2085 piscatoribus
1377 2014 1473 2063 anno
1504 2009 1613 2085 1390.
1650 1988 1716 2063 esse
1742 1989 1863 2065 lustra-

333 2109 429 2164 tam.
456 2087 545 2162 Haec
570 2089 725 2180 notitia,
751 2084 779 2160 sr
805 2110 886 2162 vera
911 2108 1082 2179 narrant,
1110 2090 1274 2163 authores
1300 2088 1408 2167 habet
1428 2091 1633 2167 AntonIum
1658 2091 1776 2184 Zani,
1798 2094 1861 2168 hu-

331 2188 450 2289 jusque
473 2187 621 2265 fratrem
646 2189 869 2283 Nicolaum,
904 2191 963 2287 qui
999 2215 1043 2264 ex
1068 2190 1138 2264 oris
1171 2190 1352 2277 Hibernia>
1387 2191 1530 2291 profesti
1559 2193 1760 2294 tempestate
1797 2195 1863 2270 assi

229 2290 234 2298 ’
332 2290 412 2367 sunt
439 2295 476 2368 in
500 2291 755 2383 Frislandiam,
779 2317 856 2391 quae
880 2290 1134 2368 Groiz‘nlandiae
1169 2318 1250 2391 pare
1274 2293 1457 2386 creditur,
1485 2294 1644 2392 ibiquea
1684 2297 1862 2393 populari·

331 2393 425 2468 ribus
449 2396 548 2471 illam
574 2415 804 2494 acceperunt.
826 2394 883 2468 *At
909 2395 946 2468 in
970 2394 1208 2492 navigationis
1243 2395 1311 2470 suae
1335 2397 1558 2493 ephemeride
1592 2398 1643 2473 ita
1679 2395 1858 2494 splendide

180 2534 191 2542 -
333 2521 376 2572 ac
401 2497 590 2573 liberaliter
613 2496 806 2572 describunt
830 2495 1125 2589 Estotilandiam,
1151 2516 1191 2573 ut
1217 2494 1338 2572 sabula
1362 2497 1407 2573 srt
1433 2501 1576 2597 palam.

386 2598 421 2674 8.
446 2597 552 2694 Julii,
578 2624 653 2697 quae
691 2601 728 2674 in
752 2593 934 2673 sabbatum
960 2599 1083 2675 incidit
1120 2597 1224 2676 solvit
1250 2598 1455 2701 Ulyssrpone
1492 2598 1625 2675 Vascus
1659 2600 1704 2675 de
1738 2601 1862 2679 Gama

332 2702 371 2776 in
395 2700 625 2796 AEthiopiam
651 2720 755 2797 atque
781 2699 922 2774 Indiam
949 2725 1009 2798 per
1037 2698 1270 2776 transmissum
1296 2705 1582 2801 promontorium
1608 2700 1857 2799 aBona·Spe,

257 2878 280 2884 ,,
332 2827 403 2899 quo
431 2805 467 2875 in
503 2802 627 2875 itinere
653 2826 736 2875 curn
773 2801 818 2875 ad
843 2800 1090 2903 indescriptam
1124 2805 1308 2903 regionem
1343 2800 1484 2884 venisset
1510 2803 1593 2883 laeta
1618 2800 1746 2882 Christi
1782 2801 1864 2903 Jesu

332 2900 504 2984 nascentis
528 2905 628 2997 luce,
654 2903 756 2987 illam
779 2904 980 2987 nominarit
1006 2934 1026 2984 a
1052 2904 1198 3087 Nargali.
1574 2915 1576 2918 ’

338 3162 344 3173 e
487 3124 637 3201 flumen
664 3153 684 3204 a
706 3121 878 3227 Regibus.
901 3036 1152 3201 Mozansbidn
1159 3176 1167 3196 .
1187 3112 1343 3219 Qiloa.
1371 3118 1633 3221 Long.58.Lat.
1647 3143 1708 3192 20.

385 3222 567 3304 lnce-rrum
593 3230 732 3307 cursum
757 3233 956 3330 prosecutus
994 3231 1151 3321 amplum
1178 3227 1266 3295 vidit
1300 3222 1435 3292 flumen
1463 3231 1497 3294 6.
1524 3221 1627 3313 Ian,
1654 3214 1816 3330 illudque
1843 3240 1864 3289 a

330 3325 485 3418 Regibus
510 3353 550 3398 ut
575 3328 702 3398 sessum
729 3331 968 3410 admonebat,
994 3319 1240 3416 nuncupavit.
1280 3317 1381 3393 Vidit
1417 3315 1561 3391 subinde
1596 3316 1865 3391 Mozambicum

331 3421 508 3510 (Prassus
533 3424 622 3495 olIm
647 3428 764 3510 erat)
801 3420 996 3517 Qiiloam,
1031 3419 1299 3516 Mombazamg,
1326 3417 1560 3510 Melindem‚
1595 3416 1864 3512 Sosalamque,

331 3541 435 3619 capta
462 3539 635 3598 terrarum
672 3520 905 3624 possessione,
942 3523 1080 3621 quoties
1117 3522 1153 3596 se
1178 3522 1211 3597 sc
1237 3518 1371 3596 serebat
1396 3518 1537 3594 occafio
1576 3542 1641 3617 pro
1667 3515 1862 3592 Lusitania

329 3623 462 3720 Rege.
496 3619 677 3724 Vigcsnna
714 3626 859 3701 tandem
886 3623 980 3700 Maii
1015 3624 1204 3701 Calecutio
1241 3624 1432 3722 applicuit.
1459 3621 1497 3697 Si
1523 3646 1605 3696 vera
1631 3640 1754 3695 tamen
1795 3617 1864 3693 sert

329 3722 483 3821 Barros,
507 3727 647 3803 decima
673 3726 770 3804 sexta
786 3725 946 3817 ejusdem
972 3730 1055 3803 illuc
1080 3728 1154 3819 jam
1191 3729 1404 3824 appulerat,
1431 3751 1474 3799 ex
1500 3724 1602 3813 hujus
1626 3724 1752 3820 quippe
1788 3719 1863 3793 scn-

329 3831 443 3904 tentia
469 3854 489 3905 e
515 3829 747 3907 Mozambico
772 3829 876 3907 solvit
903 3852 964 3929 24.
991 3821 1125 3928 April,
1153 3848 1339 3928 totumque
1362 3830 1433 3925 ,iter
1459 3846 1632 3924 quantum
1659 3823 1745 3898 illud
1766 3846 1864 3896 cum-

206 3945 209 3949 '
328 3956 397 4032 que
421 3929 471 4006 eli
495 3933 629 4010 duobus
654 3933 755 4033 supra
781 3934 905 4033 viginti
940 3934 1060 4011 diebus
1094 3928 1281 4009 consecit.
1318 3928 1400 4005 Fuit
1429 3952 1513 4004 vero
1551 3924 1685 4004 Vascus
1710 3925 1770 4021 qui
1793 3924 1864 3998 hac

329 4035 388 4109 via
414 4033 557 4111 Indiam
585 4040 737 4113 tenuerit
762 4038 894 4135 primus
919 4039 1106 4112 omnium.
1722 4058 1733 4068 ”

638 4137 760 4212 Insula
787 4163 808 4212 a
834 4138 1035 4213 Trinitate.
1064 4142 1164 4235 long.
1194 4159 1279 4232 297.
1316 4141 1397 4212 Lat.
1424 4138 1489 4212 bor.
1517 4161 1554 4230 9.

379 4235 451 4313 Sub
478 4237 590 4336 ipsum
614 4238 699 4336 Julii
724 4239 862 4313 exitum
887 4238 1109 4338 conspicatus
1134 4239 1183 4313 est
1207 4239 1481 4338 Christophorus
1516 4237 1638 4313 Colon
1676 4231 1826 4310 insulam
1854 4286 1865 4322 ,

327 4364 435 4440 quam
462 4366 483 4413 a
509 4340 691 4417 Trinitate
716 4342 882 4416 vocavitr
920 4342 1007 4416 Non
1041 4367 1112 4416 una
1148 4364 1271 4416 autem
1295 4339 1344 4416 est
1368 4334 1570 4428 {authorum
1606 4337 1778 4415 sententia
1818 4333 1863 4405 de

327 4440 433 4516 causa
459 4440 602 4532 hujusce
627 4441 952 4534 denominationis;
979 4443 1126 4539 quidam
1150 4444 1250 4518 enirn
1275 4440 1408 4517 fastum
1433 4444 1468 4517 id
1496 4445 1643 4531 volunt,
1671 4437 1764 4539 quod
1795 4434 1863 4549 pri·

326 4567 390 4619 nto
415 4541 549 4631 obieeta
585 4542 647 4618 fibi
683 4540 789 4620 suerit
814 4543 926 4623 Insula
965 4547 1010 4618 ad
1037 4544 1144 4620 instar
1181 4546 1314 4622 montis
1341 4544 1538 4642 tricipitis‚
1577 4542 1637 4617 alii
1663 4562 1761 4614 reum
1789 4554 1864 4608 voti

326 4668 399 4744 quo
424 4642 460 4719 se
487 4665 570 4720 ante
597 4644 825 4739 astrinxerat,
854 4648 904 4721 ita
930 4665 1038 4746 quam
1064 4648 1217 4745 primam
1244 4645 1422 4744 aspexisset
1448 4648 1631 4743 regionem
1657 4662 1866 4736 nuncupac-

324 4747 387 4841 di,
415 4747 487 4822 tale
511 4747 773 4824 nomeninsulae
799 4745 995 4848 imposuisse
1015 4747 1220 4841 Colonum,
1242 4749 1447 4841 affirmant.
1475 4746 1581 4825 Unde
1606 4744 1699 4818 unde
1727 4742 1763 4814 id
1790 4736 1867 4812 sue·

325 4850 396 4943 rit,
428 4872 486 4924 12.
513 4849 662 4949 Augusti
697 4850 883 4928 excensum
908 4847 1017 4940 fecit,
1056 4850 1216 4950 brevique
1242 4869 1324 4924 cum
1363 4872 1462 4926 terrae
1489 4850 1638 4924 nassum
1676 4842 1768 4919 mari
1795 4840 1863 4914 cir·

325 4951 547 5040 cumjacente
576 4953 729 5050 undique
755 4954 839 5027 allui
866 4952 970 5028 certis
996 4951 1136 5028 indiciis
1160 4953 1306 5028 habuit.

891 5054 1059 5128 ‘America
1086 5057 1292 5131 continens.

374 5149 571 5231 Undecima
599 5153 752 5250 ejusdem
777 5151 905 5236 mensis
939 5181 1046 5255 porro
1084 5158 1219 5238 viderat
1253 5155 1322 5235 sese
1357 5159 1450 5234 inter
1485 5153 1597 5232 undas
1633 5151 1861 5230 attollentem

1732 5273 1811 5326 ma·
