3856 5678
251 272 335 385 aas
690 269 1282 361 onninarrouna

205 426 365 526 grdatem
388 436 456 516 pro
478 407 751 491 eonseffiouiltus
771 410 884 493 semel
905 416 1143 517 approbatum
1164 470 1180 513 ,
1204 415 1394 505 sinernova
1417 416 1522 497 rana
1559 418 1672 520 possut
1694 420 1745 505 ὁ

204 522 388 604 audiendis
413 514 682 593 confessionibus
714 512 959 615 suspendere?
989 518 1040 598 Κ.
1067 520 1153 596 Non
1180 520 1274 617 posse
1298 523 1474 619 regulares
1507 522 1598 597 alias
1632 518 1746 627 siberg

205 623 417 727 approbatos
442 620 570 717 praevio
593 622 757 699 examine
783 620 831 695 ad
858 622 1050 699 audiendas
1075 619 1308 703 consetiiones
1333 620 1563 721 personarum
1596 620 1741 723 semaa

202 732 319 821 rium,
347 721 391 799 ab
415 723 545 797 eodem
569 720 743 820 Episcopo
765 719 923 823 suspendi
949 721 1022 799 tine
1045 747 1141 801 nova
1166 720 1295 817 causa,
1331 746 1443 827 etque
1467 726 1515 803 ad
1554 722 1737 807 consessio·

203 854 265 905 nes
290 823 382 925 ipsas
407 823 623 922 pertinente.
645 845 683 901 e:-
710 824 821 921 3.dn
843 825 950 909 Bulla
976 823 1030 899 Pii
1041 825 1086 900 V.
1114 832 1173 916 (x)
1198 844 1260 925 34·
1271 827 1311 909 in
1335 826 1461 905 ordine
1485 823 1628 907 Battar-
1651 848 1731 911 ton.

207 957 241 1011 a,
267 926 428 1005 concessa
453 922 670 1024 supplicante
695 925 816 1011 Seren.
843 929 942 1025 Rege
966 924 1186 1021 Catholico,
1209 952 1283 1011 non
1316 928 1363 1009 ad
1389 930 1606 1025 petitionem
1638 954 1731 1031 regu·

204 1037 358 1127 lariun,
384 1026 427 1105 stt
453 1046 619 1105 revocata
645 1029 683 1103 in
717 1027 829 1105 Bullia
859 1030 1094 1113 Summarum
1118 1027 1359 1123 Pontificum,
1393 1031 1436 1105 iu
1458 1031 1585 1129 quibus
1601 1056 1726 1111 'eaen-

204 1140 341 1237 ptiones
364 1158 402 1209 re
451 1133 582 1213 ¹arium
617 1130 856 1229 mitIgantur?
893 1132 941 1211 Κ.
970 1131 1159 1231 Agendum
1183 1156 1268 1211 nrm
1300 1131 1529 1215 Sandiisirmo
1568 1156 1621 1213 an
1655 1136 1728 1255 νῷ

201 1244 379 1319 deciarare
401 1133 558 1329 {iissem
582 1254 657 1309 non
694 1227 761 1341 eise
795 1254 1021 1327 revocatam
1061 1236 1160 1311 illam
1198 1254 1421 1315 tamennon
1456 1230 1644 1333 suffragari
1670 1234 1729 1319 ns

202 1343 260 1419 ubi
286 1340 337 1417 est
359 1332 513 1423 defeiim
538 1334 796 1433 parochorum.
833 1357 872 1407 t:
898 1360 935 1433 4
962 1340 1022 1411 An
1047 1335 1236 1436 Fpiscopus
1261 1334 1364 1439 poffit
1390 1336 1583 1435 procedere
1608 1360 1729 1419 contra

200 1446 376 1544 regulares
398 1458 603 1536 exemptos,
640 1433 668 1511 st
706 1438 944 1519 inobedientes
970 1436 1101 1517 suerint
1136 1440 1175 1517 in
1209 1437 1479 1517 confessionibus
1514 1440 1727 1539 audiendi,

203 1550 261 1623 vel
285 1543 535 1650 predicatione
559 1538 653 1617 vobi
679 1539 781 1617 Dei?
816 1540 864 1615 Et
890 1542 960 1615 hoc
997 1566 1044 1616 an
1070 1541 1188 1638 vigore
1213 1539 1371 1625 Consilii
1408 1540 1647 1637 Tridentini,
1677 1544 1729 1639 vd

201 1674 263 1749 per
288 1670 394 1829 poem
418 1646 621 1725 canottero?
648 1643 694 1721 R.
721 1639 821 1717 Posse
847 1642 1062 1748 procedere,
1100 1668 1173 1723 non
1201 1645 1237 1716 in
1262 1646 1337 1721 uim
1362 1640 1521 1725 Consilii
1552 1644 1725 1727 Tridenti-

201 1753 263 1843 ni,
303 1751 348 1824 ed
372 1746 410 1822 in
437 1747 511 1820 vim
544 1743 698 1831 Conslir.
736 1742 949 1838 inscrutabili
985 1742 1151 1839 Gregorii
1179 1742 1260 1823 XV.
1298 1767 1337 1825 π
1365 1748 1477 1839 5.An
1502 1744 1651 1827 licentia
1675 1772 1727 1827 au·

200 1853 320 1928 diendi
345 1846 578 1927 consessiones
611 1854 647 1925 dt
672 1844 882 1945 praedicandi
919 1845 963 1919 ab
987 1843 1162 1945 Episcopo
1187 1868 1249 1953 per
1284 1847 1421 1919 litteras
1447 1866 1614 1949 parentes
1644 1846 1726 1925 Can·

200 1954 352 2031 cellariae
376 1950 524 2026 concedi
550 1950 678 2051 possit?
706 1950 752 2031 Κ.
778 1946 880 2025 Posse
905 1947 1053 2023 concedi
1087 1947 1201 2023 etiam
1229 1970 1289 2043 per
1315 1947 1453 2023 litteras
1490 1946 1647 2031 missiset
1679 1950 1726 2029 vel

198 2080 262 2135 ore
288 2077 411 2143 tenus,
438 2051 463 2125 sr
490 2054 541 2129 ita
564 2051 740 2150 Episcopo
763 2051 946 2138 rideatur.
967 2071 1005 2127 π
1032 2047 1143 2127 odo
1169 2046 1493 2133 talislicentiasrne
1511 2048 1727 2149 scriptume·

201 2178 303 2233 tenus
329 2155 476 2231 concedi
503 2152 628 2252 possit?
665 2155 713 2232 Κ.
750 2149 803 2229 Ut
830 2151 876 2225 ad
902 2150 1136 2249 proximum.
1175 2170 1212 2220 e:
1239 2170 1276 2245 7.
1303 2154 1364 2227 An
1396 2148 1550 2239 sactdras
1580 2153 1728 2251 eligendi

197 2256 462 2339 conservatores
486 2252 644 2331 concessa
669 2254 843 2339 Societati
867 2253 891 2337 ‚i
916 2248 1094 2349 Gregorio
1119 2249 1227 2329 XIII.
1251 2248 1460 2349 suffragetur
1488 2254 1556 2329 illis
1579 2255 1617 2329 in
1640 2256 1721 2329 iocis

197 2362 258 2437 ubi
281 2380 359 2436 non
383 2355 465 2443 sunt
490 2358 620 2445 iudices
643 2352 856 2452 synodales?
881 2354 928 2431 Κ.
954 2349 1146 2451 Suffragari
1171 2356 1289 2457 quoad
1314 2355 1384 2429 hoc
1411 2378 1451 2437 ut
1471 2354 1634 2441 Societas
1654 2380 1721 2435 nou

199 2482 364 2541 teneatur
388 2485 437 2536 ert-
458 2460 527 2541 iilis
552 2463 680 2557 eligere
706 2455 996 2548 conservatores,
1021 2458 1222 2531 dummodo
1248 2457 1287 2532 in
1310 2456 1455 2553 reliquIs
1479 2454 1720 2537 servetur-sor-

195 2588 258 2645 um
283 2561 548 2649 constitutionis
572 2561 738 2657 Gregorii
764 2559 846 2639 XV,
873 2558 941 2631 hac
965 2558 1010 2633 de
1036 2582 1074 2633 re
1099 2559 1223 2633 editte.
1255 2578 1293 2637 e:
1323 2557 1356 2635 8.
1383 2558 1444 2635 An
1470 2556 1720 2639 conservatores

196 2667 390 2747 societatis
419 2665 587 2739 Vitarios
618 2662 811 2740 Generaies
846 2657 1102 2759 Episcoporum
1139 2664 1235 2746 (xt)
1272 2658 1494 2741 authoritate
1543 2658 1720 2761 apostolice

198 2766 410 2866 compellere
434 2762 562 2863 possint
589 2787 648 2863 per
674 2764 852 2857 prenae&
878 2757 1039 2841 censuras
1064 2758 1312 2839 ecciefiasticas
1349 2763 1480 2843 virtute
1503 2758 1619 2839 Bulste
1652 2768 1720 2839 αξ.

196 2894 299 2969 ματη
320 2880 512 2962 reputamur
535 2864 702 2963 Gregorii
728 2858 834 2939 XIII.
861 2861 954 2937 datar
980 2865 1045 2937 uit.
1072 2860 1169 2937 Febr.
1201 2865 1330 2961 1573?
1367 2864 1416 2943 Κ.
1438 2860 1537 2939 Posse
1564 2866 1586 2939 ai
1612 2866 1719 2947 mani·

193 2969 289 3049 feliis
312 2968 450 3055 iniuriis
471 2972 510 3047 st
532 2965 708 3044 rioIeutiis
732 2988 793 3049 eos
817 2962 1038 3061 compescere
1061 2963 1174 3039 etiam
1199 2961 1351 3041 censuris
1375 2972 1414 3063 dr
1438 2965 1550 3063 pnuis
1566 2964 1715 3043 ecclesu-

194 3072 308 3157 sticis.
334 3070 446 3157 Extat
471 3070 562 3173 apud
588 3064 709 3145 Frasso
733 3070 833 3165 (a),
857 3071 894 3145 iit
919 3064 957 3140 in
982 3063 1189 3145 Munitorio
1213 3060 1373 3169 Prosperi
1392 3064 1569 3147 &farelli
1597 3072 1715 3165 (ιιι).

626 3256 1305 3356 conorarrouan

246 3486 316 3577 (1)
342 3486 381 3557 Io
405 3480 485 3559 vim
508 3478 757 3567 Constitutionis
781 3476 954 3577 Gregorii.
980 3472 1107 3555 Refert
1131 3474 1275 3557 Lezana
1299 3472 1374 3571 (i),
1399 3479 1461 3577 qui
1493 3480 1625 3559 Rome
1645 3500 1712 3577 age·

195 3584 282 3677 δεῖς
306 3585 393 3661 doru
418 3601 495 3662 erat
520 3582 582 3657 sub
607 3581 721 3671 iudice
748 3582 791 3655 lis
817 3579 1131 3677 angelopoiitana,
1158 3602 1219 3676 per
1232 3599 1300 3656 tres
1323 3579 1460 3657 menses
1488 3604 1537 3659 co
1586 3578 1711 3661 uilium

194 3687 242 3763 ibi
268 3684 334 3763 csse
358 3684 474 3763 Breve
497 3680 634 3767 Urbani
660 3679 767 3757 VIII.
793 3682 1011 3779 gregorianae
1036 3678 1295 3759 constitutionis
1321 3682 1526 3781 incipientis
1537 3606 1713 3781 niseus·

192 3787 254 3862 iili
277 3787 540 3866 revocatorium
565 3786 622 3863 vel
645 3780 900 3887 suspensivum,
925 3782 970 3859 de
994 3806 1066 3883 quo
1090 3780 1191 3877 supra
1217 3780 1308 3861 Ord.
1336 3791 1448 3887 263.,
1487 3784 1550 3865 sed
1587 3788 1627 3867 in
1654 3778 1715 3861 cas·

192 3890 291 3969 sum.
317 3886 403 3989 Qto
427 3886 561 3967 faliunt
583 3884 657 3981 est,
694 3907 736 3965 ut
761 3882 969 3963 constitutio
1005 3886 1216 3984 gregoriana
1242 3885 1376 3965 credita
1405 3884 1447 3963 stt
1485 3890 1653 3969 noudum
1673 3906 1717 3965 te·

191 4014 346 4085 werra,
369 3991 429 4075 sed
452 3993 526 4069 vim
551 3984 652 4066 suam
676 3991 714 4067 in
739 3986 993 4085 Hispaniarum
1019 3989 1134 4085 regnis
1158 3986 1337 4067 obtinere.
1374 3988 1489 4067 Fuisse
1525 4010 1720 4071 tamense·

191 4114 272 4171 tera
297 4092 521 4195 suspensam,
545 4098 582 4171 dt
607 4090 716 4169 Breve
743 4087 818 4189 post
842 4093 957 4167 iatam
993 4085 1205 4171 senteutiam
1229 4089 1497 4188 comparuisse,
1530 4092 1720 4195 innegabile

190 4194 264 4286 esi,
290 4218 378 4269 narn
403 4195 496 4269 inter
521 4196 725 4271 innumeros
749 4190 932 4288 scriptores
958 4192 995 4265 id
1022 4189 1239 4267 affirmantes
1264 4196 1356 4290 apud
1382 4190 1547 4273 erassum
1573 4200 1625 4291 (a)
1647 4194 1723 4273 Do·

188 4292 384 4372 mesola
408 4316 504 4369 anno
533 4302 643 4389 1641.
670 4291 859 4395 spopondit
886 4294 924 4369 iu
946 4288 1059 4373 Curia
1085 4291 1280 4371 Mexicana
1306 4294 1558 4377 testiinonium
1577 4294 1723 4375 surim·

191 4398 304 4474 ticum
329 4394 432 4487 (d).
455 4394 506 4473 Et
530 4418 775 4495 procuratores
799 4395 1014 4495 religionum
1028 4418 1136 4481 ¹auno
1166 4414 1276 4491 ¹72²·
1303 4396 1544 4479 ittntttoma-
1559 4394 1724 4479 nume-

188 4518 294 4593 runt,
322 4520 363 4578 ut
386 4494 495 4579 refert
519 4495 673 4581 Iossada
699 4505 767 4597 (e).
792 4498 871 4581 Nec
897 4498 942 4579 de
966 4499 1205 4581 revocationis
1229 4502 1284 4579 vel
1306 4497 1541 4603 suspensionis
1576 4498 1728 4621 menen·

1602 4624 1684 4683 ttcr·

334 4912 367 4953 ra
408 4933 419 4965 ,
452 4914 500 4953 a.
544 4914 568 4955 r.
589 4915 619 4953 a.
640 4912 718 4953 ntan-
740 4914 766 4949 ι.
806 4890 866 4965 (b)
886 4894 1020 4963 nunc.
1039 4893 1089 4953 cir.
1108 4890 1147 4951 ai
1165 4891 1272 4959 Ocreae
1294 4894 1325 4955 io
1343 4896 1409 4971 Des.
1432 4898 1520 4961 Pron
1542 4896 1672 4967 Philipp.

331 4987 364 5027 ra
406 5010 415 5039 ,
435 4988 497 5041 cap.
523 4992 567 5041 7⁴·
587 4992 608 5031 a
626 4990 704 5029 nana·
726 4990 771 5036 ar·
819 4966 874 5040 (d)
898 4968 985 5039 Solis.
1004 4966 1157 5045 conpend-
1176 4968 1212 5029 de
1230 4970 1259 5026 Ιο
1277 4970 1379 5033 nutcho
1397 4972 1465 5040 esct-
1486 4986 1524 5035 ω
1543 4972 1606 5039 ser.
1635 4976 1672 5039 de
1688 4972 1724 5036 les

189 5042 255 5103 rtet
274 5042 347 5119 epod
364 5046 412 5106 cit.
434 5044 554 5123 ortega.
592 5045 651 5123 ie)
673 5046 806 5121 lasese.
826 5044 952 5113 evoni-
972 5046 1276 5114 concernentia
1662 5054 1668 5065 “
