3864 5686
417 326 1064 426 Arosxottcaer45o.
1119 351 1228 428 1500.
1488 352 1538 427 39

482 568 1158 647 ADNOTATIONES.

100 776 160 860 (l)
185 768 331 846 Author
354 773 558 871 Gangrapbiae
583 769 812 870 Portugallicae
837 775 909 862 (a)
936 772 1072 872 inquit:
1099 777 1136 845 A
1156 772 1316 871 principio
1342 769 1465 845 habuit
1488 772 1585 866 ordo

58 874 182 949 Christi
209 872 396 948 Vicarium
421 872 480 948 seu
503 873 665 949 Priorem
689 872 812 948 Statiu
848 875 1018 949 clericalis
1044 899 1127 948 cum
1151 874 1388 965 jurisdictione
1424 872 1587 946 ecclelia·

59 976 134 1050 ilica
159 977 198 1049 in
223 977 388 1050 omnibus
414 977 513 1050 terris
547 976 695 1057 Ordinis
720 976 978 1074 comprehensis
1013 978 1222 1075 conquillis.
1260 978 1396 1052 Tenuit
1428 977 1608 1079 dignitas¹

59 1078 124 1150 hac
148 1075 257 1174 usque
284 1077 330 1151 ad
354 1076 530 1173 Joannem
555 1077 650 1169 IlL,
676 1105 749 1176 quo
774 1103 854 1177 rege
878 1083 993 1155 ereda
1019 1077 1165 1156 ecclesia
1188 1079 1226 1152 S.
1253 1077 1381 1153 Mariae
1417 1075 1461 1151 de
1487 1076 1582 1150 Fun·

60 1180 134 1254 chal
160 1180 197 1253 in
224 1177 339 1254 insula
364 1177 516 1257 Madcra
543 1181 581 1254 in
605 1180 863 1279 episcopalem,
889 1182 1016 1259 deinde
1042 1184 1080 1255 in
1104 1183 1446 1280 metropolitanam,
1474 1176 1580 1254 Vica-

61 1283 163 1356 riatus
179 1277 360 1378 ficppteffics
387 1281 453 1367 esd.

448 1484 1029 1564 ORDINATIO
1115 1484 1202 1560 VII.

597 1590 706 1664 Anno
735 1586 843 1683 1481.
872 1613 932 1664 22.
959 1587 1040 1686 Jun.

110 1788 206 1865 lxtus
232 1787 297 1862 IV.
323 1787 513 1866 confirmat
553 1794 689 1869 litteras
726 1792 869 1868 Nicolai
895 1792 1114 1884 &Calixti‚
1141 1792 1476 1870 &conventionem
1520 1793 1587 1880 (ι)

130 1915 256 1988 regtun
280 1889 462 1969 Catholici
487 1900 524 1972 d(
548 1889 731 1987 Lusitani,
758 1922 827 1993 qua
852 1895 937 1969 huic
964 1894 1120 1970 alferitur
1145 1890 1302 1993 poiseffio
1329 1899 1366 1970 dt
1389 1889 1487 1991 quast
1508 1891 1586 1991 pos·

55 1992 147 2067 ieffio
172 1995 212 2067 in
237 1995 401 2068 omnibus
427 2000 672 2089 commerciis,
700 2001 822 2088 terris,
857 2002 893 2073 d(
917 1996 1269 2095 permutationibus,
1295 1993 1365 2068 srve
1402 1990 1585 2090 resignatis

56 2095 200 2169 Guineae
223 2120 308 2169 cum
333 2095 400 2170 suis
425 2100 590 2189 mineris,
616 2098 676 2171 seu
703 2097 932 2189 aurifodtnis,
960 2099 1078 2173 insulis
1103 2099 1140 2170 de
1165 2101 1200 2171 la
1237 2097 1406 2187 Madera,
1443 2096 1481 2167 de
1506 2102 1586 2168 Por·

55 2195 237 2287 tanneia,
263 2195 434 2290 Deserta,
461 2201 498 2271 de
523 2203 570 2275 los
594 2206 744 2289 Aznrer,
770 2203 911 2289 florez,
937 2207 972 2276 bt
998 2198 1269 2297 quibuscumque
1292 2200 1369 2272 aliis
1394 2198 1440 2272 ab
1465 2194 1586 2272 insulis

56 2298 89 2368 de
112 2299 285 2371 canarias
321 2300 414 2372 ultra
440 2306 476 2377 dt
511 2303 548 2374 in
574 2300 756 2396 conspeetu
793 2300 966 2392 Guineae,
1004 2302 1156 2399 exceptis
1190 2301 1368 2374 duntaxat
1405 2295 1523 2372 insulis
1549 2298 1587 2367 dc

54 2402 263 2490 lanxarote,
286 2403 321 2474 la
345 2402 490 2491 Palma,
515 2407 819 2492 Facete-ventura,
843 2405 878 2474 la
904 2410 1066 2493 Gomara,
1093 2403 1145 2473 del
1167 2403 1306 2491 Fierro,
1331 2403 1366 2474 la
1402 2397 1583 2489 Graciosa,

55 2502 85 2570 la
110 2509 206 2574 Gran
229 2503 412 2592 Canania,
448 2503 631 2596 Tenerrfe,
668 2508 704 2578 dt
727 2504 891 2577 omnibus
917 2506 995 2577 aliis
1030 2501 1148 2577 insulis
1173 2504 1211 2575 de
1245 2502 1434 2576 Canariae.
1472 2499 1585 2575 Extat

56 2605 151 2700 apud
175 2604 321 2678 eundem
347 2606 511 2679 Autunez
537 2606 617 2678 ibid.
649 2603 779 2700 Incipit
805 2608 955 2678 AEterni
979 2606 1099 2702 Regis.

481 2809 1152 2887 ADNOTATIONES.

102 3011 167 3098 (r)
191 3008 469 3086 conventionem.
495 3011 591 3090 Pani
616 3031 719 3090 etant
746 3033 829 3091 ante
852 3013 1035 3088 biennium
1059 3013 1098 3086 in
1123 3008 1256 3108 oppido
1280 3007 1479 3086 Alcantara
1513 3007 1587 3086 xe·

62 3133 109 3205 ges
129 3110 316 3187 Catholici
341 3114 582 3186 ferdinandus
606 3121 643 3189 δε
668 3114 816 3189 lsabclla
842 3117 892 3202 (l)
918 3141 1002 3189 cum
1026 3111 1221 3202 Lusitano,
1252 3134 1299 3185 nc
1326 3115 1354 3184 is
1379 3136 1460 3186 oras
1486 3107 1584 3202 Afri-

64 3235 102 3281 cae
124 3213 167 3305 ad
194 3233 374 3284 oceanum
400 3211 566 3304 lustrare,
602 3216 831 3312 conquirere,
857 3223 901 3297 ,ἃ
927 3213 1094 3312 pollidere
1119 3211 1364 3308 prohiberetur
1400 3212 1439 3284 in
1473 3209 1586 3309 poste·

63 3337 145 3387 rum.
171 3312 245 3388 Sed
271 3336 397 3408 parum
421 3311 564 3389 firmam
589 3321 748 3412 oportuit
773 3312 840 3388 esse
857 3341 1006 3414 pacem,
1032 3320 1070 3389 ὃ(
1093 3309 1315 3409 pontificiam
1334 3312 1432 3409 pacis
1456 3308 1585 3385 confir·
1680 3356 1716 3366 —-

63 3418 274 3504 mationem,
302 3412 329 3486 st
355 3438 476 3490 verum
501 3415 607 3491 habet
632 3415 738 3491 Paria
763 3415 850 3489 dum
875 3414 982 3491 refert
1006 3415 1079 3489 hoc
1102 3413 1231 3487 eodem
1257 3439 1355 3489 anno
1386 3410 1495 3510 1481.
1523 3412 1585 3486 tri·
1692 3465 1710 3490 „

63 3518 149 3611 ginta
172 3541 248 3591 non
274 3518 391 3590 minus
415 3515 703 3593 Castellanornm
727 3541 834 3591 naves
866 3519 1039 3592 mercium
1064 3513 1167 3591 causa
1194 3515 1242 3590 ad
1278 3515 1429 3591 Guineae
1463 3535 1588 3613 portus

65 3619 278 3715 applicuisse,
302 3644 377 3692 non
405 3616 550 3694 cessuras
577 3619 641 3693 nist
667 3620 801 3709 majore
825 3617 1072 3717 Portugallicae
1097 3614 1210 3692 classrs
1236 3619 1269 3692 vi
1296 3615 1483 3693 commisso
1495 3640 1583 3713 prae·

63 3719 103 3794 lio
126 3719 369 3820 abigerentur.
397 3722 448 3796 At
474 3720 606 3819 estqui
632 3721 677 3795 de
702 3722 803 3813 hujus
828 3718 909 3796 faeti
938 3724 1088 3797 veritate
1112 3719 1251 3794 dubitet
1280 3723 1295 3810 (
1329 3725 1365 3810 ).

434 3921 1017 4000 ORDINATIO
1092 3916 1202 3992 VIII.

1574 4062 1608 4111 n

59 4126 351 4303 ALphonsum
376 4129 419 4204 de
444 4128 606 4204 Bolafios
629 4128 846 4204 Minoritam
866 4125 1057 4225 apostolica
1083 4122 1246 4199 instruxit
1266 4119 1485 4230 authoritate
1506 4120 1584 4198 Six-

173 4251 226 4303 tus
250 4231 313 4305 lV.
342 4234 388 4308 ad
412 4235 620 4329 religionem
647 4236 683 4308 in
708 4232 872 4307 Canariis
898 4226 1040 4320 insulis,
1069 4233 1104 4304 ἃ
1130 4223 1290 4318 African,
1318 4224 1477 4322 Asiaque
1513 4224 1585 4300 oris

58 4332 243 4405 maritimis
265 4338 550 4433 propagandam.
576 4331 686 4428 Qrod
710 4361 794 4410 cum
820 4333 1011 4408 incredibili
1036 4327 1149 4407 fructu
1167 4327 1383 4428 praestaret,
1416 4325 1585 4403 Pontifex

59 4432 217 4510 concessit
243 4457 282 4511 ut
306 4438 480 4512 sexdecim
507 4437 621 4513 socios
645 4437 798 4531 ejusdem
823 4434 969 4510 Ordinis
994 4433 1015 4508 ὲ
1049 4455 1202 4530 quatuor
1236 4430 1416 4530 Hispaniae
1444 4431 1586 4528 provin·

57 4538 112 4608 ciis
136 4541 173 4612 in
198 4537 330 4614 laboris
355 4540 562 4617 societatem
589 4542 797 4631 allumerct,
822 4538 983 4637 quamvis
1010 4538 1118 4635 petita
1145 4536 1166 4608 'a
1203 4532 1398 4633 presulibus
1431 4530 1584 4608 facultas

57 4663 256 4739 negaretur.
284 4639 410 4719 Refert
435 4643 576 4719 Natalis
602 4644 803 4722 Alexander
828 4642 915 4717 Saec.
942 4641 1024 4717 XV.
1053 4643 1128 4738 ca‘p.
1158 4657 1192 4711 1.
1219 4663 1252 4712 a.
1279 4662 1315 4732 9.
1384 4734 1519 4813 ΟΜ
1583 4720 1586 4724 ,

1333 4857 1590 4890 ..naun-¹⁶⁸⁸*

93 4991 148 5061 (ἃ)
169 4996 265 5068 Gecgr.
285 5000 401 5068 Pertur-
421 5016 485 5058 rom.
510 5020 535 5057 1.
553 5021 618 5072 pag.
645 5025 708 5071 534·
881 4999 891 5066 (
902 4996 938 5065 c)
958 4998 1065 5070 Hiflior.
1084 4995 1132 5055 des
1151 4996 1210 5053 Vri.
1230 5008 1294 5050 tons·
1317 5007 1342 5051 t·
1368 4982 1454 5048 lihe-
1473 4996 1535 5046 cap·
1558 4994 1585 5032 ¹·

90 5069 149 5139 (b)
170 5078 337 5137 Mariana.
358 5079 468 5150 Hister
488 5081 553 5153 Esp.
565 5081 614 5140 lib.
629 5098 797 5148 apcapno.
837 5094 905 5146 pag.
929 5095 973 5140 μ.

1065 5147 1252 5252 ¹³².
1646 5167 1777 5270 &s
1876 5181 1922 5267 ‘x
