3864 5686
411 355 919 461 Arosrotrcaz.
975 378 1085 460 1430.
1140 371 1249 463 1563·
1501 388 1563 463 79·

60 500 110 576 Su
135 495 299 572 Santitad
322 520 387 574 nos
411 498 493 575 hino
518 502 639 599 gracia
663 503 707 578 de
733 499 839 577 todoc
862 503 918 577 los
943 503 1122 596 diezmos,
1147 527 1214 602 que
1234 506 1286 578 los
1311 528 1433 580 motos
1457 490 1525 606 que
1549 507 1599 581 vi·

60 628 130 678 ven
153 627 177 697 y
201 624 454 676 moraren....
479 606 623 678 ovieten
648 605 693 680 de
720 604 786 678 dar
810 629 895 703 para
921 629 989 702 que
1014 604 1072 681 sca
1097 605 1237 681 nuestro
1262 632 1287 683 o
1322 606 1368 679 de
1391 611 1498 706 quien
1531 632 1598 682 nos

61 707 136 802 quis
160 706 321 778 ieremos.
345 699 416 780 Ubi
441 703 642 781 sermonem
667 703 733 782 ess‘e
759 726 925 802 oportet,
951 708 1095 782 nonde
1129 709 1269 783 decima
1295 705 1421 784 laicali
1458 736 1599 785 mauro

62 833 168 899 rum,
195 806 292 895 cuius
317 804 498 906 dispofiuo
523 809 613 883 nihil
641 812 696 884 ad·
722 806 935 885 Pontificem
961 810 1183 908 pertinebat3
1219 810 1281 887 sed
1304 811 1348 885 de
1382 814 1521 900 decima
1546 836 1603 889 ec·

65 907 261 985 elestastica
290 907 310 981 a
335 910 467 983 mauris
491 911 608 986 debita
632 911 707 1001 jam
732 912 938 1009 baptizatis.
1468 1004 1473 1011 ι

161 1005 328 1085 Primam
353 1010 792 1112 consequentiamprobat
816 1011 939 1089 Frasso
957 1019 1056 1107 (a>;
1082 1016 1164 1115 quia
1177 1016 1292 1114 Reges
1306 1013 1503 1093 Catholici
1517 1016 1599 1093 Fer-

58 1113 240 1189 dinaudus
274 1118 312 1192 δι
347 1111 490 1211 Joanna
525 1117 621 1193 bona
656 1118 756 1214 regio
793 1118 1012 1213 patrimonio
1046 1121 1275 1217 incorporata
1299 1143 1374 1193 non
1409 1138 1602 1217 potuerunt

61 1218 220 1292 alienare
246 1219 284 1292 in
310 1219 549 1316 praejudicium
575 1217 831 1312 successorum,
855 1222 938 1319 quia
964 1217 1044 1295 sunt
1068 1223 1133 1296 dos
1158 1222 1420 1320 Reipubblicae‚
1459 1227 1495 1299 dt
1519 1222 1602 1320 quia

60 1320 181 1418 Reges
207 1320 506 1416 inauguratione
542 1327 659 1409 jurant
695 1346 770 1396 nou
797 1323 954 1398 alienare
981 1322 1072 1412 (b).
1108 1323 1177 1398 Sed
1200 1323 1359 1426 quamvis
1383 1324 1453 1399 hoc
1479 1347 1604 1399 verum

62 1419 108 1498 srt
131 1422 178 1497 dc
204 1421 445 1520 alienatione,
471 1449 548 1526 quae
574 1449 635 1525 per
659 1426 832 1524 gratuitas
856 1425 1068 1501 donationes
1093 1425 1331 1503 exorbitantes
1355 1422 1417 1518 fit,
1445 1450 1520 1502 non
1548 1445 1602 1501 ta·

62 1546 148 1599 men
173 1526 219 1599 de
237 1549 283 1599 ea
308 1526 384 1624 quac
402 1523 445 1602 srt
471 1552 535 1626 per
557 1528 1011 1620 contratlumonerosum,
1039 1526 1240 1604 maximesr
1267 1529 1349 1602 boni
1368 1528 1496 1627 publici
1521 1553 1605 1603 cau·

64 1625 105 1706 sa
130 1626 371 1722 interveniat,
397 1631 558 1729 alioquin
584 1627 732 1707 illusorii
767 1627 877 1705 essent
902 1630 1076 1706 tractatus·
1106 1655 1232 1706 ornnes
1258 1630 1422 1706 celebrati
1456 1628 1605 1706 &Prin-

67 1729 203 1827 cipibus
228 1732 275 1805 ad
312 1730 578 1808 tenninandum
603 1735 682 1808 lites
704 1739 742 1812 dt
769 1733 891 1824 bella,
917 1756 978 1830 per
1002 1757 1090 1831 quos
1122 1733 1311 1832 provincia
1335 1737 1371 1810 &
1404 1733 1534 1829 oppida
1559 1732 1606 1806 de

67 1852 171 1932 gente
200 1834 240 1907 in
264 1853 409 1930 gentem
431 1834 692 1911 transferuntur
716 1841 752 1913 bt
778 1837 997 1910 alienantur.
1025 1835 1107 1911 lmo
1132 1841 1169 1912 dt
1196 1859 1256 1935 per
1279 1834 1605 1930 donationemgra·

65 1935 199 2011 ntitam
226 1935 382 2011 alienare
397 1935 548 2035 possunt
575 1935 769 2038 Reges,.sr
794 1961 869 2013 non
894 1937 1044 2012 laedatur
1066 1940 1274 2012 notabiliter
1304 1960 1454 2034 regnum
1488 1955 1606 2012 atten-

72 2038 231 2112 millius
252 2039 513 2137 amplitudine,
541 2041 699 2139 alioquin
724 2041 840 2138 Reges
875 2037 1025 2115 vassallis
1051 2038 1159 2114 ess'ent
1188 2039 1401 2115 conditione
1433 2036 1605 2135 peiores.

69 2138 115 2216 Et
141 2133 196 2214 ita
217 2138 351 2216 docent
368 2143 519 2240 ‘plurimi
543 2140 641 2236 (ε’),
665 2148 702 2220 dt
727 2140 934 2241 supponitur
965 2145 1043 2239 lege
1070 2161 1104 2240 3.
1133 2143 1189 2217 tit.
1218 2165 1279 2216 to.
1316 2141 1376 2217 lib.
1401 2165 1440 2241 ς.
1466 2141 1603 2238 Recop.

67 2238 236 2336 Castell,
263 2241 322 2323 ubi
349 2240 577 2339 praescr'ibitur
601 2245 732 2320 modus
765 2242 934 2345 praedisiae
960 2245 1185 2324 alienationis
1216 2245 1448 2344 peragendae.
1483 2240 1606 2319 Redo-

65 2340 181 2420 natio·
195 2343 282 2419 verb
306 2343 468 2423 Ecclesris
489 2344 652 2424 absolute
683 2343 781 2422 sassa
805 2350 843 2423 dt
867 2344 950 2421 esset
975 2343 1162 2439 onerosa,
1199 2371 1260 2445 per
1284 2370 1392 2444 quam
1426 2346 1607 2443 privaren-

71 2464 126 2522 tur
147 2446 255 2541 jure,
278 2448 376 2546 quod
393 2473 496 2525 nunc
521 2449 656 2545 habent
675 2502 691 2540 -,
728 2469 770 2524 ut
800 2448 1006 2546 suppleatur
1030 2450 1093 2524 dos
1129 2473 1174 2523 ex
1198 2449 1323 2524 aerario
1336 2504 1346 2541 ‚
1372 2454 1409 2525 dt
1443 2445 1494 2522 est
1518 2446 1604 2520 talis

70 2573 131 2648 per
155 2575 263 2647 quam
287 2574 437 2649 reguum
462 2577 538 2627 non
563 2554 670 2627 nimis
695 2553 910 2643 luderetur,
936 2549 1126 2648 praesertim
1143 2575 1234 2624 cum
1271 2553 1315 2625 de
1341 2547 1516 2648 regalibus
1539 2549 1606 2622 do-

71 2654 129 2725 nis
155 2652 194 2723 in
228 2651 462 2730 Facclesrarum
496 2654 620 2729 dotem
658 2653 842 2752 erogandis
868 2671 1010 2727 tantum
1047 2653 1222 2727 accrescat
1247 2653 1406 2744 aerario,
1432 2671 1608 2749 quantum

68 2752 110 2826 de
135 2751 279 2831 decimis
302 2756 520 2834 tedonem,
544 2753 654 2835 Unde
672 2780 754 2832 non
772 2755 866 2831 bend
894 2745 1069 2855 'probatur
1097 2753 1354 2854 consequentia
1381 2756 1443 2830 illa
1477 2776 1521 2828 cx
1546 2754 1607 2826 de·

71 2850 157 2931 nura
180 2854 387 2951 potestate,
592 2902 595 2909 ·
726 2868 770 2967 s

170 2954 228 3033 Ex
252 2959 391 3036 defectu
416 2961 610 3038 voluntatis
635 2961 777 3061 probari
803 2955 1051 3060 potestatuum
1075 2984 1159 3037 ¹curn
1180 2957 1317 3059 regasra
1336 2956 1438 3034 'bona
1464 2956 1532 3033 srnt
1551 2953 1608 3032 us·

73 3080 131 3153 que
153 3059 249 3134 adeo
274 3059 504 3157 qualificata,
529 3088 605 3135 non
629 3064 813 3139 censentur
839 3067 1074 3162 alienariper
1096 3064 1357 3154 donationem,
1384 3058 1450 3135 nist
1482 3065 1607 3160 quate·

76 3182 130 3234 nus
149 3183 247 3259 opus
271 3158 322 3233 cst
348 3160 393 3234 ad
412 3160 613 3255 justitiam,
651 3168 861 3256 veritatem,
887 3170 923 3240 dt
958 3166 1156 3238 utilitatem
1179 3164 1407 3238 donationis.
1439 3163 1504 3238 nd
1529 3161 1601 3237 hoc

72 3283 189 3340 antem
215 3287 291 3337 non
316 3264 507 3361 requiritur
520 3266 698 3338 alienatio
721 3267 841 3361 quoad
859 3265 916 3355 ,jus
934 3265 1226 3364 dominiumque,
1253 3261 1312 3337 sed
1337 3263 1390 3338 sat
1411 3265 1467 3338 est
1488 3262 1608 3361 quoad

73 3363 187 3458 usum,
215 3364 586 3456 administrationem,
611 3370 648 3443 'dt
670 3363 845 3441 fmuun.
882 3366 982 3441 Nam
1003 3366 1127 3464 quoad
1164 3368 1351 3440 veritatem
1375 3362 1432 3439 'sat
1466 3367 1516 3440 ell
1543 3367 1607 3439 do-

71 3471 141 3543 nari
168 3464 323 3560 smnus,
350 3470 409 3565 qui
431 3469 581 3542 nomine
607 3467 829 3543 decimarum
850 3466 993 3566 proprii
1020 3469 1285 3566 intelliguntur.
1318 3467 1382 3541 Ad
1410 3468 1609 3543 utilitatem

69 3566 118 3645 sat
142 3568 193 3645 est
217 3569 314 3668 quod
336 3570 664 3666 perdonationem
687 3590 870 3646 avertatur
895 3571 1092 3668 periculum
1116 3595 1162 3646 ne
1188 3566 1254 3645 dos
1272 3568 1367 3646 desrt
1401 3567 1568 3646 Eccle'sris
1593 3623 1605 3662 ,

68 3677 101 3751 dt
123 3669 376 3748 Ecclesiasticis
402 3696 559 3771 congrua
576 3669 821 3748 sustentatio:
859 3676 895 3750 ὃ(
915 3680 1001 3772 quo'
1014 3674 1110 3751 dotis
1132 3669 1284 3750 traditio
1314 3674 1545 3772 promptius,
1568 3677 1608 3749 bt

68 3776 246 3874 perceptio
270 3770 409 3850 sacilibs
433 3771 520 3849 fiat.
546 3772 605 3850 Ad
624 3774 832 3869 justitiam,
861 3777 964 3874 quod
984 3799 1052 3873 per
1071 3769 1260 3873 praefaram
1297 3772 1504 3850 donationis
1530 3800 1609 3851 mo·

64 3874 312 3959 dificationcm
336 3875 427 3950 nihil
451 3876 618 3974 depereat
651 3876 817 3952 Ecclesrae
839 3877 886 3950 de
920 3877 994 3966 jure
1017 3877 1117 3972 quod
1137 3875 1250 3949 habet
1279 3876 1318 3946 in'
1352 3873 1501 3970 propriis
1528 3875 1606 3949 suu-

65 3979 236 4054 &ionibus
263 3984 299 4056 dt
323 3977 449 4054 officiis
475 3977 709 4075 spiritualibus
729 3979 968 4068 radicatum,
999 3978 1165 4074 'quodque
1191 3998 1318 4049 omnes
1355 3974 1516 4051 fatentur
1540 3974 1609 4049 elle

70 4082 204 4177 pariter
230 4080 432 4181 spirituale,
460 4081 506 4156 ad
532 4081 703 4155 alimenta
723 4078 971 4157 ministrorum
996 4078 1081 4152 hinc
1100 4079 1198 4152 illinc
1222 4075 1499 4174 suppeditanda.
1527 4073 1609 4151 lmb

67 4181 154 4255 verb
177 4181 225 4255 src
249 4182 367 4281 potitis
391 4181 585 4258 consulitur
609 4183 759 4281 praedisti
785 4181 868 4270 juris
890 4182 1144 4271 ¹indemnitati3
1170 4176 1454 4280 quandoquidem
1476 4199 1608 4254 caetera

67 4282 168 4357 bona
193 4287 321 4381 regalia
347 4287 594 4383 undecumque
631 4285 874 4383 provenientia
910 4284 1068 4381 obligata
1089 4304 1242 4360 manent
1266 4303 1335 4380 ¹pro
1367 4281 1609 4388 Ecclestarum

66 4387 178 4478 dote,
204 4389 240 4463 bt
263 4385 590 4464 Ecclesrasticorum
615 4388 813 4463 alimentis.
839 4388 1012 4478 Accedit,
1049 4410 1132 4461 eam
1157 4384 1255 4461 fuisse
1291 4408 1451 4459 mentem
1480 4384 1606 4461 Eccle-

72 4485 204 4563 riarum
227 4489 495 4566 manifestatam
519 4493 558 4568 iu
583 4491 767 4568 Ercdiione
794 4488 1037 4564 Mexicanensr
1060 4545 1071 4581 ,
1094 4489 1193 4578 cuitu
1218 4509 1384 4561 normam
1415 4487 1610 4585 sequuntur

70 4613 217 4683 omncs,
243 4590 370 4668 saltem
394 4613 572 4694 quotquot
596 4597 635 4669 iu
659 4593 765 4670 Nova
790 4590 962 4692 Hispania
987 4589 1091 4683 sunt,
1118 4592 1187 4665 ibi:
1214 4589 1291 4664 licit
1314 4591 1360 4664 ad
1385 4589 1530 4689 praesens
1547 4611 1608 4687 pet

73 4694 221 4769 eandem
247 4694 404 4797 Regiam
427 4694 656 4790 Maiestatem
678 4697 729 4773 aad
751 4695 928 4771 alimenta
953 4692 1022 4769 saut
1044 4694 1243 4785 (decimae)
1271 4693 1416 4767 donate.
1491 4729 1544 4866 ’Π

74 4924 1612 4960 -----------·---‚—-—---------—--··-

114 5038 165 5111 (ὃ)
185 5039 300 5118 Fraffo,
319 5051 389 5114 Cap.
410 5038 458 5106 tl.
477 5069 553 5108 num.
575 5068 622 5120 35.
728 5038 732 5044 ⁵
901 5042 956 5115 (c)
976 5034 1069 5109 Apud
1081 5033 1247 5106 «tantuna,
1266 5037 1316 5097 lib.
1336 5054 1365 5092 ἱ.
1391 5039 1433 5095 De
1451 5039 1522 5096 Don.
1541 5039 1608 5109 Reg.

116 5119 174 5191 (b)
194 5127 259 5198 lq.
281 5149 309 5194 5.
328 5130 376 5186 rit.
399 5147 445 5195 ις.
458 5129 574 5194 fartis,
595 5145 624 5182 a.
862 5140 924 5189 cap.
938 5119 1034 5191 oin.
1047 5118 1440 5188 3·EtMosin·DtPrimog·c·
1452 5134 1518 5182 Μ.
1531 5122 1574 5170 18.
