3856 5678
531 322 1416 427 Anouronrea.1600.1650.'
1583 332 1726 435 387·

278 462 348 543 eeu
373 461 559 561 quomodo
582 463 658 550 bae
685 487 763 551 tam
790 464 951 550 absoluta
975 471 1014 549 dt
1034 462 1218 551 definitiva
1242 471 1425 557 revocatio
1448 467 1569 555 Plana
1593 470 1709 563 Rullo

173 567 229 647 ad
248 563 453 641 instantiam
479 568 649 665 expeditae
674 564 856 642 Catholici
870 569 978 664 Regis
988 622 1009 658 ,.
1023 593 1114 656 cum⁵
1135 567 1220 647 haee·
1238 571 1310 655 alia
1335 570 1548 657 resolutione
1575 576 1707 663 iecaus

170 666 209 747 sa
234 668 527 765 angelopolitana
554 668 678 765 viginti
706 667 782 764 post
808 670 909 743 annis
935 671 1166 766 pronuntiata
1202 676 1388 749 convenit:
1414 677 1586 773 Agendum
1623 701 1706 754 cum

171 768 420 860 Sandiiffimo,
458 795 504 845 an
542 771 624 845 velit
650 768 828 853 declarare
864 768 1009 853 Bullam
1036 767 1238 860 (Pinnem)
1264 799 1339 850 non
1364 774 1430 850 csse
1461 798 1703 855 revocatam.

171 870 282 949 luam
311 891 434 944 tamen
460 894 534 945 non
559 864 741 965 suffragari
766 869 835 947 nist
858 873 918 948 tabi
943 869 993 949 est
1016 870 1171 948 defeetus
1186 877 1422 971 parochorum.
1448 877 1707 980 Dixeritquis,

170 973 441 1057 revocationem
464 969 579 1055 Bulla
600 967 669 1053 else
692 971 748 1060 ius
772 974 984 1071 particulare
1009 975 1105 1075 quod
1129 971 1203 1057 stne
1226 977 1397 1055 dedecore
1422 979 1536 1075 potest
1562 983 1707 1080 ignora-

170 1070 461 1172 aumprtasumi,
484 1074 573 1159 dum
592 1073 729 1171 prodiit
754 1074 829 1159 haue
865 1074 1053 1153 resolutio.
1079 1075 1131 1154 At
1156 1076 1227 1153 hoc
1252 1081 1329 1177 quis
1366 1077 1550 1176 presumat
1576 1137 1586 1174 ,
1622 1107 1708 1165 cum

170 1177 363 1281 precipuus
387 1174 472 1257 esset
498 1177 594 1259 aiior
619 1177 657 1259 in
684 1173 788 1261 causa
815 1178 1104 1277 angelopolitana
1142 1178 1213 1276 ipse
1238 1205 1341 1278 penes
1366 1206 1472 1281 quem
1508 1183 1556 1265 est
1585 1183 1708 1265 Brevis
1834 1228 1840 1249 =

169 1277 384 1356 revocatorii
408 1281 444 1354 dc
469 1276 645 1377 praesentis
671 1279 911 1354 ordinationis
934 1277 1046 1356 fides?
1072 1278 1158 1356 Dici
1178 1282 1312 1377 potest,
1339 1288 1605 1361 revocationem
1625 1312 1704 1367 rno-

170 1383 222 1465 do
256 1378 482 1457 enuntiatam
517 1381 686 1477 respicere
719 1378 831 1463 Breve
856 1380 1009 1463 Planum
1045 1401 1220 1480 quantum
1246 1385 1291 1461 ad
1317 1409 1467 1465 examen
1502 1385 1636 1467 sallum
1670 1394 1708 1467 &

171 1483 359 1571 licentiam
394 1482 499 1563 aliter
524 1485 700 1559 collatam
734 1508 844 1581 quam
870 1506 930 1589 per
956 1481 1171 1581 Episcopum
1207 1488 1368 1575 aureius
1402 1490 1572 1569 nomine.
1607 1489 1707 1567 Cum

170 1608 243 1688 quo
269 1584 360 1663 rusie
385 1582 495 1669 habet
530 1582 627 1683 quod
652 1582 817 1682 deinceps
849 1582 1084 1669 desideratum
1111 1583 1155 1671 stt
1181 1586 1354 1665 declarari
1386 1589 1408 1665 ”a
1444 1589 1707 1684 saneiffmo,

172 1712 221 1773 eu
244 1709 290 1771 ex
315 1702 396 1769 toto
421 1688 476 1765 vel
500 1685 619 1785 quoad
646 1687 718 1769 alia
742 1689 854 1767 etiam
879 1689 1007 1787 puella
1032 1706 1241 1773 revocatum
1261 1689 1367 1776 esset.
1393 1691 1485 1777 Vide
1510 1691 1601 1775 Ord.
1614 1702 1704 1797 ²⁶4·

170 1792 258 1890 263·
288 1806 373 1889 253·
405 1807 491 1887 197.
520 1809 604 1885 ιρι.
633 1786 719 1889 185.
748 1784 849 1888 183.-

543 1990 1047 2077 ounluu‘rlo
1103 1994 1342 2079 CCLXXIV.

448 2188 451 2197 ,
701 2093 811 2183 Anno
839 2103 951 2197 1629.
980 2121 1036 2173 ιο.
1063 2096 1180 2179 Maii.

171 2304 227 2482 S
265 2297 509 2399 congregatio
531 2298 690 2379 conum
715 2301 755 2381 iu
778 2299 885 2379 causa
908 2300 1064 2383 Limane
1087 2302 1231 2383 resolvit
1257 2304 1349 2402 opud
1374 2301 1569 2384 Barbosam
1595 2309 1705 2401 (a),

232 2402 278 2461 λ’
292 2401 387 2499 quod
412 2388 626 2497 Capitulum
651 2399 742 2477 sede
766 2418 917 2481 vacante
941 2402 1056 2503 potest
1078 2403 1260 2485 dioecestm
1294 2403 1433 2483 vistare
1469 2407 1615 2503 quando
1652 2409 1706 2484 la-

170 2526 252 2600 pus
277 2501 327 2580 est
353 2523 467 2580 annus
491 2501 512 2573 a
537 2497 712 2596 postrema
738 2498 938 2580 visitatione
963 2500 1162 2596 Antistius,
1198 2529 1264 2582 nec
1287 2504 1334 2580 de
1359 2508 1526 2602 proximo
1561 2512 1628 2598 (1)
1653 2505 1706 2584 est

170 2600 333 2699 ecclesia,
355 2604 400 2683 de
431 2599 569 2703 pastore
602 2601 852 2703 providende.
888 2600 935 2681 In
970 2603 1044 2702 ipsa
1078 2628 1163 2682 vero
1199 2603 1400 2685 vistatione
1426 2609 1520 2689 circa
1549 2605 1704 2686 famula·

170 2724 251 2783 tum
278 2710 385 2800 (ιι),
412 2704 630 2805 equitatum,
656 2709 694 2788 dt
718 2705 817 2798 alia,
840 2701 960 2785 forma
987 2706 1191 2786 Tridentini
1213 2705 1285 2802 sels,
1312 2729 1374 2806 24
1398 2734 1471 2808 rap.
1497 2728 1534 2806 3.
1559 2716 1613 2786 De
1635 2716 1703 2787 sie-

170 2806 270 2885 firm.
296 2807 345 2888 est
370 2803 514 2908 precise
536 2805 730 2891 servanda.
756 2805 815 2887 Ita
840 2806 949 2893 habet
973 2805 1008 2905 J.
1033 2805 1078 2886 B.
1102 2809 1242 2890 Pittooi
1280 2812 1376 2903 (b).
1401 2811 1533 2890 Forma
1569 2811 1655 2889 veri)
1682 2840 1705 2890 a

170 2897 383 2993 Tridentino
408 2912 476 2989 loc.
504 2911 568 2989 eit.
594 2907 791 3007 prescripta
816 2908 885 2989 est:
925 2918 971 2988 Ut
996 2908 1193 2991 visitatores
1227 2912 1387 3016 modeslo
1420 2915 1582 2995 contenti
1606 2917 1707 3016 equi·
1826 2940 1829 2957 ³

170 3029 270 3102 tatu,
296 3008 544 3109 famulatuque
568 3008 731 3089 studeant
755 3036 866 3110 quam
891 3009 1096 3104 celerrime,
1121 3015 1394 3092 debita'tamen
1417 3017 1629 3115 diligentia,
1653 3016 1705 3091 vi-

170 3108 593 3199 sitatiouenrabsolrere:
620 3112 822 3209 intereaque
843 3130 1018 3202 caveant,
1042 3137 1089 3189 ue
1115 3112 1298 3190 inutilibus
1321 3114 1516 3211 smnptibus
1534 3118 1704 3214 cuiquam

170 3236 291 3313 graves
316 3210 410 3305 srnt,
435 3235 524 3287 neve
549 3209 613 3308 ipst
638 3231 702 3286 aut
726 3209 912 3309 quisquam
926 3212 1081 3290 ‘suorum
1105 3213 1300 3311 quidquam
1324 3215 1588 3310 procurationis
1618 3241 1704 3293 cau·

170 3316 203 3397 ia
231 3339 299 3413 pro
323 3313 526 3394 vifitatime
549 3312 662 3393 etiam
687 3311 982 3401 testamentorum
1009 3314 1056 3389 ad
1082 3338 1170 3414 quos
1195 3313 1278 3391 ursus
1299 3331 1425 3413 praeter
1449 3316 1508 3408 id,
1533 3318 1629 3415 quod
1649 3318 1727 3419 ιἰι-ι

170 3441 206 3500 re
232 3415 383 3497 debetur
406 3439 451 3494 ex
476 3414 604 3495 relisus
626 3415 731 3512 piis,
765 3434 827 3494 aut
855 3416 930 3491 alio
963 3417 1085 3515 quovis
1111 3416 1287 3509 nomine,
1311 3440 1378 3495 nec
1415 3419 1604 3517 pecuniam
1634 3442 1703 3496 nee

170 3543 300 3602 mnus
322 3520 522 3618 accipiant,
548 3541 625 3595 non
649 3515 812 3595 obstante
834 3541 1057 3617 quacumque
1082 3516 1338 3600 consuetudine
1361 3521 1474 3599 etiam
1511 3524 1704 3601 immemo-
1757 3522 1762 3533 '
1907 3549 1917 3567 ·

170 3622 295 3710 uuili,
318 3621 473 3719 exceptis
496 3617 641 3698 tantiam
666 3619 972 3722 utendumque
997 3618 1059 3698 srbi
1086 3645 1129 3697 ac
1153 3618 1225 3697 suis
1248 3648 1316 3720 pro
1349 3625 1520 3723 temporis
1555 3624 1702 3704 tantum

170 3721 373 3805 neoeffitate
397 3719 632 3801 mittillrmla
655 3740 781 3805 erunt.
806 3721 862 3798 Sit
889 3725 1076 3799 tamenin
1102 3725 1250 3820 optione
1275 3749 1436 3818 eonon,
1471 3728 1534 3826 qui
1562 3722 1705 3805 visitatu·
1778 3728 1781 3733 ’

170 3846 234 3907 tur
258 3822 287 3899 st
311 3826 465 3915 malint,
490 3820 623 3901 solvere
644 3823 702 3916 id,
728 3824 824 3921 quod
848 3843 926 3899 erat
947 3826 1037 3901 'ante
1052 3823 1144 3900 solvi
1169 3842 1268 3899 certa
1293 3829 1442 3921 pecunia
1469 3847 1594 3915 taxata
1614 3854 1701 3906 con-

170 3926 331 4020 flictum,
359 3946 421 4003 aut
447 3926 614 4012 uisluaiia
635 3920 916 4007 subministraret
943 3922 989 4007 In
1015 3926 1059 4011 iis
1081 3922 1167 3998 vero.
1191 3925 1281 4001 locis
1304 3925 1363 3999 ubi
1389 3924 1607 4002 consuetudo
1631 3929 1705 4021 eil,
1748 3986 1752 3995 .

170 4048 210 4113 ut
234 4050 302 4102 nec
328 4028 516 4120 vidualis,
542 4050 610 4107 neo
636 4026 809 4126 pecunia,
843 4025 1129 4123 necquidquam
1154 4024 1251 4101 aliud
1277 4026 1298 4098 l
1324 4023 1578 4105 Visttatoribus
1612 4031 1705 4104 acci·

170 4134 315 4232 piatur,
339 4127 399 4211 sed
421 4131 547 4211 omnia
573 4130 683 4231 gratis
707 4128 817 4220 fiant,
843 4127 883 4217 id
906 4125 1131 4209 observetur„
1163 4123 1304 4227 Quodsi
1329 4128 1451 4229 aliquis
1476 4131 1515 4205 in
1549 4126 1704 4228 supradi-

170 4235 236 4318 ilie
259 4226 397 4315 eaustus,
419 4234 563 4340 aliquod
599 4234 757 4333 accipere
794 4229 1068 4330 presumpserit,
1105 4233 1136 4306 is
1158 4248 1282 4329 praeter
1308 4229 1409 4329 dupli
1443 4230 1706 4309 restitutionem

170 4336 251 4417 aliis
276 4333 390 4414 etiam
422 4337 536 4441 poenis
556 4336 658 4426 juxta
691 4331 982 4415 constitutionem
1017 4333 1138 4434 Exigis
1162 4331 1321 4413 Concilii
1356 4331 1634 4433 lugdunensis,
1667 4340 1709 4415 dt

170 4439 251 4521 aliis
279 4435 432 4514 arbitrio.
463 4436 591 4537 spnodi
649 4437 853 4512 rovincialis
874 4438 1084 4513 mutuetur.
1116 4433 1274 4514 Concilii
1309 4435 1553 4533 Lugdunensis
1586 4440 1625 4512 in
1661 4461 1708 4515 ea

170 4538 439 4637 Constitutione
465 4561 571 4635 poena
654 4593 667 4632 ,
690 4558 731 4614 ut
757 4537 921 4637 Episcopi
948 4537 1097 4635 duplum
1122 4539 1217 4612 intra
1241 4535 1401 4613 mensem
1428 4537 1631 4614 differentes
1650 4562 1705 4612 re-

170 4642 312 4722 stituere
338 4637 532 4739 ingressum
564 4636 626 4725 fibi
664 4638 817 4715 ecclesio,
838 4638 992 4717 sentiant
1028 4639 1294 4727 interdislum¹
1326 4634 1512 4714 inferiores
1546 4662 1633 4715 vero
1657 4637 1707 4717 ab

170 4740 294 4828 officio
318 4747 354 4821 dr
379 4740 551 4823 beneficio
575 4740 610 4824 se
634 4743 802 4825 noverint
825 4738 893 4821 else
916 4738 1119 4843 suspensos.
1143 4737 1255 4843 quue
1279 4739 1447 4843 repetitur
1473 4741 1511 4815 in
1535 4736 1707 4920 Copciillo

211 5085 275 5163 vat
294 5040 382 5153 uu
398 5091 471 5164 cas.
490 5090 545 5153 aa.
565 5091 609 5159 a·
627 5091 700 5153 aa.
720 5106 799 5154 m
821 5108 866 5161 u
903 5087 960 5162 u>
981 5089 1053 5155 ru.
1072 5091 1128 5155 cc.
1149 5088 1190 5157 aa
1208 5085 1352 5242 {simi
1363 5102 1393 5144 a.
1412 5097 1485 5156 aa
1639 5126 1654 5139 .
