3864 5686
366 309 419 410 78
789 309 1372 392 Onoruarrours
1466 378 1471 385 .

317 474 441 528 renuis
464 449 617 529 eeclesia
639 447 839 529 eonceffiun
863 449 1021 547 Regibus
1044 446 1197 525 efficitur
1219 449 1354 549 regalia
1378 444 1558 546 ipsorum.
1584 445 1641 523 Ae
1665 468 1856 549 propterea

315 553 498 656 cogtmseit
523 556 603 630 Rex
627 555 672 634 de
696 555 752 630 his
775 553 929 645 utribus,
955 551 1027 627 sive
1050 553 1220 627 tradetur
1243 554 1289 628 de
1314 553 1389 639 jure
1413 548 1482 626 sive
1505 553 1549 627 de
1568 549 1688 645 sado.

417 655 544 731 Minor
592 654 765 758 topofitio
788 681 865 730 uon
892 677 948 731 tot
985 655 1255 753 allegationibus
1279 653 1449 753 probanrr
1481 653 1674 747 afrano,
1710 654 1857 754 probari

316 776 440 835 tamen
466 778 529 856 pot
591 762 711 857 ,quia
736 756 820 835 licet
848 783 971 834 venun
996 756 1039 834 sit
1065 779 1130 834 ant
1153 755 1265 850 esset,
1290 759 1369 849 jura
1392 759 1528 856 regalia
1550 755 1717 835 Faciesa
1750 759 1857 833 rodo·

312 883 400 937 nata
425 864 684 938 exmutatione
709 861 865 960 personae
887 861 1059 938 &nudari
1084 862 1105 934 a
1133 863 1386 960 temporalium
1410 863 1604 960 qualitate,
1628 866 1666 938 dr
1686 863 1856 937 devmim

312 960 570 1057 ecclcsraslica,
596 965 741 1064 quando
765 965 918 1042 donatio
941 960 1188 1056 estabsoluta,
1214 985 1254 1041 ut
1281 984 1381 1039 tenet
1404 989 1490 1038 cum
1514 966 1594 1039 aliis
1604 963 1851 1060 Salgado(a);

311 1087 461 1143 manent
489 1086 612 1142 tamen
636 1065 838 1158 saecularia,
864 1069 1009 1164 quando
1034 1067 1216 1141 donanntr
1242 1068 1280 1141 iu
1305 1062 1476 1158 seudum,
1503 1068 1559 1140 vel
1573 1064 1854 1140 administratio-

312 1190 419 1261 nem,
445 1168 500 1243 vel
528 1171 565 1243 in
601 1168 740 1260 nsum,
774 1170 825 1243 ita
851 1190 893 1242 ut
918 1169 1088 1244 dirceus
1121 1170 1323 1245 dominium
1347 1167 1451 1246 restet
1487 1168 1582 1266 apud
1613 1169 1853 1243 donarem.

310 1265 421 1366 Quod
445 1267 528 1346 vero
564 1267 610 1345 stc
645 1268 808 1347 Eeclcstis
843 1271 1024 1347 redonata
1048 1269 1117 1346 sint
1149 1272 1296 1346 decimae
1319 1270 1485 1346 suadetur
1525 1293 1558 1342 r.
1582 1273 1666 1368 quia
1698 1270 1855 1345 Senatus

312 1372 449 1473 Regius
488 1372 669 1468 cognoscit
695 1375 740 1448 de
775 1372 977 1461 hujusmodi
1002 1372 1183 1465 decimis,
1206 1395 1398 1472 utcumque
1423 1371 1529 1447 causa
1564 1375 1756 1463 tradetur,
1780 1369 1857 1448 five

313 1473 353 1550 in
380 1474 572 1573 petitorio,
597 1473 666 1552 five
692 1476 729 1550 in
754 1473 977 1576 possessorio,
1003 1496 1044 1550 ut
1069 1499 1113 1549 ex
1135 1474 1357 1552 Covarrtrbia
1385 1474 1529 1550 testatur
1554 1475 1700 1567 Abreu,
1723 1479 1762 1550 dc
1784 1499 1850 1551 ne·

309 1599 375 1657 nio
400 1574 531 1652 nescit.
557 1575 654 1653 Qum
691 1577 778 1654 rer‘o
801 1603 877 1654 non
911 1576 996 1654 satis
1019 1576 1155 1654 constet
1179 1580 1225 1655 tle
1250 1575 1390 1675 speciali
1415 1576 1598 1654 Pontificis
1633 1580 1681 1651 ad
1714 1602 1851 1672 cogno·

310 1677 480 1757 scendum
505 1678 732 1778 delegatione
757 1702 822 1756 aut
847 1681 1055 1780 privilegio,
1080 1679 1272 1755 dicendtun
1297 1681 1459 1771 videtur,
1483 1679 1759 1768 iurisdietionem
1772 1677 1852 1752 stus

309 1780 388 1857 dari
414 1783 452 1857 ln
474 1781 653 1858 bonorum
677 1782 909 1858 decimalium
933 1785 1141 1881 qualitate:
1179 1788 1216 1860 dc
1250 1780 1504 1882 consequenter
1538 1784 1701 1858 animum
1737 1782 1853 1881 Regis

313 1883 473 1962 decimas
498 1885 701 1960 redonantis
725 1910 801 1961 non
826 1882 926 1959 hrisle
950 1885 1186 1961 donationem
1213 1882 1438 1959 absolutam.

413 1984 592 2063 Suadetur
618 2009 676 2076 2.,
701 1989 782 2086 quia
809 1984 886 2085 post
910 1984 1042 2062 sesiam
1069 2012 1091 2060 a
1116 1987 1272 2083 Regibus
1296 1989 1594 2074 redonationem,
1620 1986 1641 2058 a
1674 1981 1849 2062 successo·

309 2084 404 2163 ribus
431 2083 492 2164 sibi
519 2086 718 2185 persuasum
742 2087 792 2165 est
816 2089 974 2163 decimas
1000 2090 1046 2163 ad
1081 2088 1115 2162 se
1153 2109 1326 2186 tanquam
1348 2089 1443 2164 bona
1468 2090 1602 2186 regalia
1640 2090 1813 2186 pertinere
1835 2113 1850 2179 ;

310 2184 359 2263 src
385 2190 482 2263 enim
507 2192 701 2290 loquuntur
725 2189 878 2267 Carolus
903 2189 959 2283 L,
984 2188 1169 2288 Philippus
1194 2189 1244 2264 ll.
1271 2197 1308 2266 ὅ(
1334 2191 1399 2265 IV.
1427 2193 1465 2264 in
1488 2189 1573 2285 Jure
1599 2189 1724 2263 Indico
1751 2191 1849 2279 (b):

307 2296 375 2366 Pur
398 2309 535 2389 quanto
561 2312 769 2392 perteneeen
796 2294 817 2368 ai
841 2316 908 2367 nos
931 2296 984 2368 los
1019 2293 1174 2388 diezmos
1199 2291 1449 2369 ecclesiasticos
1471 2294 1516 2367 de
1552 2296 1604 2366 las
1639 2292 1758 2367 indias
1784 2309 1851 2390 por

307 2393 546 2471 concelliones
573 2393 804 2492 apostolicas,
828 2396 1042 2488 mandamur,
1067 2401 1134 2472 dte.
1168 2394 1218 2471 Et
1243 2395 1427 2471 novissime
1453 2393 1500 2467 src
1535 2396 1692 2492 loquitur
1727 2393 1848 2470 Perdi·

306 2496 444 2573 nandus
468 2494 532 2571 Vl.
560 2503 649 2586 (c):
676 2502 776 2573 como
799 2498 919 2574 ductio
942 2523 1009 2594 que
1035 2495 1086 2571 soi
1111 2497 1155 2571 de
1180 2499 1234 2572 los
1257 2499 1416 2573 diezmos
1439 2500 1484 2571 de
1509 2499 1561 2571 las
1588 2496 1847 2570 inuias......

309 2598 528 2674 atendiendo
554 2599 575 2672 a
600 2623 667 2699 que
692 2598 789 2673 ellan
814 2601 1069 2697 incorporados
1102 2623 1149 2673 en
1173 2602 1224 2673 mi
1259 2601 1351 2677 Real
1376 2599 1522 2674 Corona
1548 2625 1619 2672 con
1653 2602 1757 2695 pleno
1782 2600 1849 2673 do-

284 2681 424 2776 'ntimo
449 2698 469 2775 ὲ
497 2700 765 2798 independentia
793 2701 916 2774 delas
942 2697 1108 2800 Iglesras,
1134 2703 1187 2774 las
1212 2726 1280 2799 que
1304 2699 1382 2777 solo
1409 2705 1526 2776 tienen
1548 2702 1698 2774 derecho
1723 2725 1789 2796 por
1809 2701 1847 2772 la

253 2822 273 2873 a
307 2797 413 2877 Bulla
441 2801 487 2876 de
512 2802 717 2875 Alexandro
744 2800 808 2875 VI.
836 2802 956 2876 cirada
982 2826 1028 2877 en
1053 2802 1089 2875 la
1115 2806 1279 2877 ereccion
1304 2805 1348 2876 de
1373 2805 1458 2877 elias
1483 2805 1591 2898 itque
1615 2801 1660 2872 de
1684 2802 1736 2872 mi
1768 2801 1848 2877 real

307 2905 426 2977 erario
453 2900 486 2976 se
511 2903 561 2975 les
589 2901 827 3006 anglicana
853 2901 1083 2995 sufficiente,
1121 2902 1390 2997 ysubmiuistse
1421 2907 1460 2978 la
1483 2926 1640 2998 congrua
1675 2899 1847 2973 sustenta-

305 3004 391 3080 cion
415 3004 460 3080 de
486 3001 540 3078 sus
565 3003 747 3091 mimilror.
785 3004 834 3081 Et
860 3001 981 3080 infra:
1017 3003 1296 3080 Perteneciendo
1320 3010 1343 3080 a
1368 3008 1418 3080 mi
1455 3007 1529 3079 real
1565 3001 1784 3102 patrimonio
1808 3001 1848 3075 el

305 3105 469 3185 dominio
494 3108 622 3204 pleno,
635 3105 834 3200 absoluto,
859 3105 880 3183 ὲ
907 3108 1117 3184 irrevocahle
1154 3109 1198 3183 de
1224 3113 1278 3183 los
1302 3111 1458 3183 diezmos
1481 3108 1527 3182 de
1552 3106 1620 3180 mis
1656 3105 1773 3177 seinos
1799 3103 1848 3178 de

304 3192 359 3293 las
384 3207 528 3301 ludius,
552 3233 663 3286 como
686 3206 825 3286 effusior
861 3211 1123 3309 incorporados‘
1146 3235 1192 3284 en
1217 3213 1252 3286 ia
1290 3212 1441 3306 Regalia
1466 3211 1510 3283 de
1535 3211 1569 3280 la
1605 3204 1753 3281 Corona
1779 3228 1849 3304 por

304 3309 505 3387 concessron
530 3310 718 3406 apostolica.
746 3311 793 3387 Et
820 3312 1131 3389 licctFerdinandi
1159 3314 1343 3384 decretum
1366 3337 1438 3405 quo
1465 3310 1625 3404 praedicla
1651 3308 1844 3382 continen-

306 3430 386 3501 tur,
414 3439 434 3488 a
459 3412 598 3487 Carolo
625 3412 695 3485 111.
733 3408 923 3487 huccesiore
950 3436 1046 3486 anno
1087 3419 1196 3503 1766.
1224 3408 1397 3484 cassatum
1433 3406 1565 3503 fucrit,
1601 3410 1693 3484 nihil
1719 3429 1846 3485 tamen

305 3513 529 3591 declaratum
555 3509 702 3610 praefato
738 3514 774 3586 in
799 3511 955 3585 decimas
986 3512 1052 3602 juri
1077 3515 1300 3591 &dominio
1326 3514 1578 3587 eontrarium.
1615 3513 1740 3627 Neque
1767 3512 1847 3588 haec
1915 3508 1920 3515 ⁴

305 3614 502 3716 procedunt
528 3636 570 3690 ex
597 3612 658 3710 sup
682 3610 834 3688 ositione
893 3615 964 3688 uod
996 3613 1182 3711 Burgensrs
1218 3615 1424 3699 Concordia
1452 3612 1495 3688 stt
1533 3615 1722 3707 nullaaut
1756 3638 1846 3711 apo·

305 3714 462 3815 crypha;
489 3738 573 3791 nam
600 3640 734 3792 inlitis
760 3640 938 3815 proccslu,
964 3740 1040 3816 qua
1064 3716 1277 3791 ferdinandi
1316 3717 1536 3792 authoritate
1563 3739 1622 3815 per
1660 3741 1742 3792 eam
1776 3714 1846 3794 Ce-

304 3819 431 3898 dulam
458 3817 746 3916 transigebatur,
781 3817 868 3919 saepe
903 3816 944 3894 fit
969 3821 1062 3896 illius
1086 3819 1226 3895 mentio
1262 3815 1336 3897 fine
1362 3819 1478 3919 aliqua
1503 3820 1681 3895 nullitatis
1715 3840 1846 3897 nota:

305 3920 382 3999 imo
408 3947 468 4020 pet
495 3923 617 3997 omnia
647 3940 817 4021 tanquam
844 3945 926 3997 vcra
952 3920 1180 4022 supponitur.

407 4024 571 4100 Secunda
597 4026 714 4098 ratio.
741 4024 802 4122 lus
829 4025 1041 4122 percipiendi
1067 4026 1222 4099 decimas
1247 4023 1435 4099 Indiamm
1459 4021 1735 4100 sacularizatum
1766 4024 1847 4121 est,

306 4130 343 4206 ὃ(
369 4119 501 4202 fusium
527 4127 571 4201 de
597 4127 696 4225 regio
722 4126 964 4224 patrimonio.
992 4128 1090 4223 Ergo
1115 4127 1226 4202 etiam
1252 4125 1365 4201 modb
1385 4120 1518 4201 'retinet
1544 4129 1696 4200 eandem
1732 4132 1846 4225 quali·

303 4246 440 4302 ratem.
466 4227 564 4324 Ergo
589 4228 700 4300 etiam
727 4229 838 4300 modo
864 4226 913 4301 est
939 4226 1122 4303 saeculare.
1150 4230 1370 4304 Antecedens
1397 4226 1533 4302 constat
1557 4251 1602 4303 ex
1627 4248 1750 4315 tenore
1778 4233 1845 4308 do-

306 4325 1046 4522 :32{liitrnlellirriirlil‘h
1070 4332 1273 4510 pislis
1295 4357 1382 4508 ful
1406 4329 1571 4506 flabili
1594 4329 1848 4511 dbimlffl‘

1049 4458 1090 4507 ur
1169 4487 1173 4495 .
1250 4458 1327 4507 orra
1381 4458 1425 4507 ov
1582 4486 1592 4505 .
1657 4460 1699 4509 e.
1739 4462 1848 4514 rana·

306 4530 395 4608 tensi
423 4530 507 4604 verb
531 4531 728 4605 donatione
745 4528 836 4606 saeba
863 4557 922 4631 per
941 4530 1194 4610 Innocentium
1215 4534 1320 4608 VIll.
1348 4533 1395 4608 src
1421 4534 1578 4632 loquitur
1604 4535 1683 4612 Rex
1699 4536 1845 4620 Carbo«,

304 4635 394 4712 licus
412 4633 535 4709 litteris
554 4634 647 4708 datis
671 4632 819 4709 Murcia
831 4653 850 4731 3
862 4656 891 4708 1.
912 4633 1001 4723 Maii
1025 4636 1147 4734 1488,
1166 4662 1251 4736 quas
1269 4633 1376 4711 resert
1396 4637 1593 4716 Rodericus
1612 4638 1742 4713 Suarez
1767 4640 1844 4732 (ὣς

1743 4749 1791 4819 Su

349 4984 404 5054 (a)
426 4986 567 5055 Selinda,
588 4986 622 5045 P·
645 5006 671 5053 3·
691 4986 732 5044 De
752 4985 828 5043 Prot.
849 5005 872 5044 c.
887 5006 931 5039 ro.
949 4991 1052 5050 n.189.
1136 4987 1190 5055 (c)
1211 4963 1319 5044 Cidula
1337 4988 1373 5046 de
1396 4962 1496 5060 aude
1513 4988 1591 5047 febr.
1616 5008 1699 5055 1750·

346 5062 402 5132 sb)
422 5065 473 5122 Lei
496 5085 519 5120 ι.
539 5066 587 5158 “it
610 5075 655 5118 rr.
675 5061 724 5132 h'h
751 5081 772 5117 ¹·
793 5063 914 5130 Recipis
934 5063 969 5122 de
989 5063 1053 5137 lud.
1136 5064 1196 5139 (d)
1217 5065 1287 5124 aad.
1306 5069 1436 5136 Suarea,
1456 5066 1554 5137 tAlltag.
1577 5073 1623 5125 28.
1642 5067 1746 5131 initio·
1797 5126 1801 5133 .
