3864 5686
245 407 303 472 2³
783 395 1134 470 FAST]

807 555 920 632 1401.
999 554 1111 634 1405.
1450 628 1453 632 Δ

430 670 433 674 “
483 656 502 680 “’
521 631 739 738 adleuatio.
765 637 865 734 lang.
894 662 929 710 0.
952 678 998 696 ·-·
1022 660 1056 734 5.
1083 641 1163 711 Lat.
1191 633 1256 710 bor.
1284 657 1346 732 27.

245 737 324 815 Has
349 735 495 837 quidem'
519 730 649 814 insul'a's
675 734 742 813 leti
755 735 850 812 *sane
876 739 1074 826 conicetura
1101 738 1317 814 Fortunatas
1334 738 1493 838 antiquis
1519 740 1610 818 adeo
1637 740 1725 819 cele-

192 843 310 918 bratas
335 840 496 916 nonnulli
522 836 589 916 esse
608 838 796 933 credunt,
826 864 916 937 ,cum
943 863 1061 916 revera
1083 844 1220 939 primus
1246 835 1297 916 de
1318 842 1392 916 illis
1422 843 1571 918 nuntius
1606 848 1727 920 medio

193 946 320 1020 saeculo
344 941 446 1019 XIV.
469 945 520 1018 ad
540 942 726 1039 Europam
749 945 906 1040 perlatus
942 941 1008 1034 srt,
1031 969 1133 1019 anno
1161 944 1339 1019 nimirum
1374 967 1394 1017 a
1403 965 1490 1043 345.
1523 969 1588 1044 per
1613 971 1728 1021 certos

193 1048 435 1145 negotiatores
459 1070 479 1121 e
504 1041 747 1120 Genuen'srbus
772 1049 807 1121 dt
826 1044 1061 1120 Catalaunis:
1082 1046 1186 1134 eujus
1211 1043 1395 1120 occasione
1421 1043 1472 1121 D.
1498 1045 1727 1123 ludovicum

119 1218 127 1226 .
192 1149 238 1223 de
263 1149 301 1221 la
327 1145 451 1222 acerda
485 1145 724 1221 Canariarum
762 1147 860 1242 regni
887 1145 1098 1223 diademate
1125 1148 1344 1245 sceptroque
1371 1145 1536 1223 Pontifici
1575 1142 1726 1229 Summo

192 1249 372 1324 Clementi
400 1247 464 1321 Vl.
492 1247 624 1346 placuit
646 1244 845 1339 consolari,
864 1272 954 1321 -cum
980 1248 1051 1339 ejus
1076 1269 1214 1346 patrem
1237 1275 1350 1346 regno
1369 1247 1558 1324 abdicasset
1580 1277 1673 1332 avus
1693 1259 1728 1328 ὅ(

193 1352 289 1426 idern
307 1348 474 1426 Castellae
499 1350 579 1426 Rex
601 1347 833 1447 ildephonsus
858 1349 906 1424 X.
934 1350 984 1422 At
1003 1374 1092 1423 cum
1117 1348 1313 1446 subrogatae
1332 1353 1595 1441 dominationis
1616 1353 1725 1427 babe-

193 1478 257 1528 nas
277 1478 358 1529 ,non
383 1453 511 1550 ceperit
535 1450 764 1542 'Lodovicus,
790 1451 834 1525 de
851 1450 1023 1525 ¹-Canariis
1045 1453 1178 1526 'iterum
1198 1456 1319 1526 nullus
1346 1454 1381 1525 in
1407 1453 1548 1551 Europa
1576 1463 1691 1529 sermo
1712 1508 1725 1527 ..

192 1553 275 1653 Jam
295 1575 450 1630 exeunte
474 1551 601 1628 saeculo
624 1552 724 1629 XIV..
750 1572 816 1627 aut
844 1571 937 1626 certe
969 1553 1116 1627 ‘ineunte
1139 1553 1238 1634 XV„
1253 1553 1421 1628 castata
1448 1557 1528 1630 Rex
1551 1554 1727 1650 Hemietu

192 1656 265 1733 111.
288 1659 475 1732 nuntiatas
502 1653 630 1732 insulas
652 1652 804 1728 destinat
828 1652 1024 1749 conspicuae
1053 1655 1147 1752 apud
1172 1654 1401 1729 Normannos
1426 1661 1623 1732 nobilitatis
1650 1660 1726 1731 viro

192 1759 324 1856 Joanni
349 1759 393 1833 de
418 1756 614 1832 Betancur.
642 1756 733 1831 Sunt
759 1780 844 1830 vero
867 1757 925 1853 qui
951 1780 1026 1830 non
1047 1755 1152 1847 huic,
1173 1755 1239 1831 sed
1254 1760 1419 1834 'Ruberto
1438 1763 1488 1832 de
1501 1759 1725 1853 Bracamon,

192 1863 251 1961 qui
288 1861 481 1955 Gallorum
517 1855 613 1932 classi
647 1855 766 1954 postea
796 1856 978 1955 prael'eslus
1003 1854 1096 1948 fuit,
1134 1859 1280 1933 traditas
1307 1861 1500 1933 abeodem
1538 1862 1634 1959 Rege
1670 1886 1727 1936 eas

193 1979 496 2038 commemorent:
524 1958 790 2055 Robertumque
818 1960 894 2032 illas
928 1955 1091 2032 dimisisse
1128 1957 1189 2033 fibi
1217 1962 1403 2050 conjunta>
1425 1962 1598 2058 ,sanguine
1619 1963 1724 2059 Joan-

192 2068 230 2140 ni
256 2065 300 2138 de
322 2062 502 2138 Eetancur
522 2081 769 2158 cognomento
793 2059 974 2150 Gallardo,
1000 2062 1058 2157 qui
1085 2086 1145 2158 per
1171 2088 1214 2136 ea
1240 2082 1400 2159 tempora
1427 2067 1655 2139 dominatum
1679 2063 1725 2138 ad

194 2168 231 2243 S.
269 2163 476 2241 Matrinum
503 2161 690 2238 obtinebat
706 2218 721 2234 ..
758 2161 795 2250 Is
824 2182 953 2236 autem
975 2161 1075 2236 haud
1112 2161 1285 2240 instrenue
1316 2192 1395 2241 ‘rem
1423 2164 1593 2264 aggressus
1624 2191 1726 2242 anno

197 2290 329 2364 1401.,
356 2288 418 2343 aut
439 2287 537 2341 certe
557 2290 636 2340 non
655 2266 781 2341 estatio
800 2287 952 2361 .1405.,
990 2263 1067 2338 suas
1093 2262 1176 2339 fecit
1204 2265 1332 2340 insulas
1362 2269 1461 2365 uulgi
1499 2270 1645 2349 nomine
1680 2272 1725 2345 de

192 2376 403 2460 Lanzarote,
428 2373 730 2457 Forte-Ventura,
757 2368 808 2439 del
831 2368 974 2457 Hieras,
1002 2364 1223 2465 subassosque
1250 2368 1413 2444 insulares
1434 2371 1600 2448 homines
1623 2372 1726 2468 regiis

150 2501 153 2509 ·
192 2475 347 2572 imperiis
371 2497 484 2546 novus
510 2472 589 2547 Rex
623 2469 759 2545 desiere
787 2470 953 2566 deinceps
985 2467 1172 2545 constituit
1191 2526 1205 2542 -.
1236 2467 1314 2565 Qui
1341 2498 1423 2548 vero
1447 2473 1520 2561 jure
1546 2473 1730 2569 sanguinis.

193 2573 414 2652 Canariensrs
440 2576 537 2670 regni
561 2575 717 2648 habenas
741 2567 888 2670 suscepit
913 2569 1087 2646 Machote
1126 2578 1139 2660 (
1168 2579 1360 2649 Menautem
1395 2595 1497 2649 vocat
1532 2573 1683 2649 Brittius
1709 2579 1724 2661 )

194 2677 238 2753 de
264 2675 441 2754 Betancur
465 2701 524 2748 eas
551 2676 697 2750 tandem
727 2672 905 2749 Lusttano
943 2672 1080 2750 Infanti
1104 2673 1328 2772 Viseensrque
1354 2677 1451 2750 Duci
1490 2676 1540 2750 D.
1562 2676 1727 2750 ¹>Henrico

194 2778 404 2853 transdidit:
428 2777 534 2875 'idque
557 2774 709 2852 'feliciter
748 2777 876 2850 accidit
911 2774 1138 2850 ferdinando
1171 2778 1214 2852 de
1234 2775 1398 2870 Castro,
1429 2779 1562 2873 quippe
1582 2779 1646 2873 'qui
1683 2777 1725 2848 ab

194 2879 354 2956 Henrico
374 2905 461 2956 etun
482 2879 656 2978 potestate
681 2879 816 2976 legatus
839 2875 890 2952 est
915 2903 937 2953 a
958 2880 1089 2954 domus
1114 2877 1183 2958 suae
1209 2875 1411 2975 praeseslura
1440 2880 1484 2952 ad
1509 2901 1569 2951 eas
1592 2875 1724 2951 insulas

194 2983 345 3081 imperio
370 2982 561 3080 regendas.
586 2979 671 3077 Qto
692 3001 817 3055 autem
843 3004 939 3053 anno
966 2982 1106 3077 reliquae
1132 2978 1251 3053 insulae
1277 2981 1429 3056 inventae
1455 2976 1616 3071 fuerint,
1650 3004 1726 3052 non

193 3110 267 3161 una
303 3083 353 3159 est
378 3082 586 3181 scriptorum
619 3084 765 3182 opinio.
793 3081 874 3155 Hoc
899 3081 996 3154 enim
1016 3106 1100 3155 vero
1123 3082 1164 3155 in
1184 3103 1372 3180 comperto
1391 3081 1461 3174 est,
1489 3084 1726 3156 reclamatum

191 3210 320 3284 nempe
347 3212 366 3260 a
391 3184 596 3263 Castellano
617 3205 746 3261 contra
771 3203 1011 3258 memoratam
1035 3180 1220 3258 Menautis
1245 3182 1313 3258 five
1332 3183 1504 3287 Machor}
1532 3183 1727 3259 abdicatio-

192 3312 299 3380 nem,
324 3288 419 3385 quod
455 3288 611 3362 universe
646 3290 685 3360 in
719 3284 894 3356 Canarias
918 3285 970 3366 jus
1007 3303 1027 3352 a
1060 3279 1094 3351 se
1127 3279 1217 3355 stare
1250 3284 1413 3357 diceret:
1440 3307 1505 3355 nec
1540 3305 1646 3375 porro
1682 3282 1725 3352 lis

184 3409 300 3481 antea
326 3387 516 3463 terminata
542 3382 593 3458 est
616 3405 725 3480 quam
758 3379 924 3455 Canariae
952 3402 1081 3454 omnes
1104 3404 1148 3455 ex
1182 3383 1284 3455 novis
1318 3382 1425 3482 passis
1457 3380 1723 3457 conditionibus

189 3485 355 3564 Castellae
379 3507 490 3583 regno
517 3485 692 3582 adscriptae
718 3478 821 3576 sunt,
847 3503 888 3558 ut
909 3482 1027 3558 modo
1047 3503 1284 3580 permanent.

910 3607 1019 3681 1412.

586 3688 977 3787 Roxadorium.·Long.
1003 3709 1042 3785 5.
1068 3689 1148 3761 lat.
1175 3684 1242 3762 bor.
1270 3710 1330 3788 25.

245 3792 372 3869 Annus
394 3792 453 3868 hic
487 3817 559 3868 ora
594 3789 725 3869 Africa
749 3793 987 3890 exploratores
1006 3788 1093 3865 vidit
1116 3792 1251 3889 primos
1278 3787 1468 3866 Lufitanos
1493 3807 1643 3881 nautas,
1664 3795 1723 3889 qui

195 3895 257 3971 diu
284 3898 321 3971 in
346 3895 527 3972 itineribus
552 3896 621 3971 suis
646 3897 691 3971 ad
726 3895 1034 3994 promontorium,
1059 3894 1155 3990 quod
1182 3893 1459 3992 appellationem
1483 3894 1638 3970 Boxador
1657 3894 1721 3968 ob-

198 3997 327 4092 tinuit,
353 3998 532 4077 baerebant
553 3998 761 4099 praetervehi
785 4022 861 4074 non
882 3993 981 4072 aust.

636 4125 656 4137 s
909 4095 1018 4195 1418

613 4192 927 4276 Portus-Sanetus.
954 4205 1052 4297 Long.
1081 4223 1117 4276 2.
1144 4204 1224 4277 Lat.
1253 4223 1312 4300 32.

244 4300 290 4376 Id
313 4303 468 4378 nominis
491 4300 576 4377 huic
602 4301 719 4377 insulae
744 4300 825 4394 esi,
862 4301 959 4400 quod
993 4303 1065 4392 ejus
1101 4311 1300 4384 inventores
1324 4304 1509 4382 Tristanus
1542 4303 1651 4393 Vaz,
1688 4310 1723 4380 bt

193 4400 347 4500 Ioannes
372 4403 556 4480 Gonzalez
578 4403 699 4483 Zarco
721 4402 885 4484 Lusitani
923 4403 1030 4482 ambo
1053 4407 1093 4481 in
1116 4431 1199 4484 eam
1234 4410 1435 4507 appulerint
1458 4405 1545 4484 felia
1577 4406 1714 4482 Sandis

194 4505 358 4584 omnibus
381 4506 482 4583 luce.

902 4634 1009 4711 1419.

677 4711 850 4792 Madera.
877 4715 976 4815 Long.
1006 4740 1038 4790 ι.
1065 4719 1146 4791 Lat.
1176 4736 1238 4814 34.

246 4812 357 4890 Anno
381 4814 581 4917 insequente
607 4814 714 4894 iidem
740 4819 981 4916 applicuerunt
1006 4820 1094 4893 item
1119 4819 1222 4917 primi
1251 4819 1296 4893 ad
1321 4817 1513 4895 Maderam
1537 4808 1719 4886 insulam.

192 4908 352 5016 Uterque
377 4944 460 4995 vero
481 4944 567 4995 eum
591 4922 744 5018 regionis
768 4918 1004 5020 prospestum,
1029 4944 1136 5019 quem
1161 4918 1369 4997 descendens
1403 4914 1652 5005 collustravit,
1679 4916 1722 4990 de

192 5020 342 5093 nomine
367 5024 554 5121 appellavit
579 5019 664 5097 suo.
688 5020 872 5098 Gonzalez
887 5041 1055 5118 practerea
1081 5042 1185 5099 antro
1202 5026 1357 5122 quodam
1381 5021 1471 5120 lupis
1498 5018 1644 5095 marinis
1665 5042 1719 5091 re-

195 5124 379 5215 ceptaculo
404 5121 465 5201 sub
489 5120 675 5203 exsensum
699 5120 812 5224 ipsum
836 5125 1049 5224 explorato,
1083 5128 1235 5205 trabum
1259 5127 1362 5204 illum
1387 5125 1511 5202 nativo
1545 5122 1719 5300 pliomate

1580 5247 1676 5298 asma·
