3856 5678
325 282 903 397 'larosromcn-
956 323 1066 412 1564.
1122 321 1229 392 1600.
1457 320 1537 410 299

153 449 330 553 Qraenam
354 453 438 531 verb
464 454 531 533 smt
556 456 675 553 capita
703 448 859 529 Concilii
894 450 1004 529 nostri
1029 451 1221 535 Limaniia
1256 450 1294 528 S.
1320 452 1582 555 congregatio·

41 583 93 637 ne
117 560 312 637 emendata
337 563 374 635 bt
400 578 522 658 aptata
547 554 740 632 secundum
776 549 986 648 praesentem¹
1005 555 1300 646 ordinationem,
1327 559 1503 642 constabit
1539 582 1585 639 cx

33 663 177 741 litteris
200 659 243 738 Ρ.
268 658 407 759 Josephi
434 657 563 736 Acosta
588 659 623 737 S.
650 654 683 753 J.
711 656 758 729 ad
783 654 934 735 Senatus
958 656 1072 733 Indici
1101 678 1185 735 tunc
1210 654 1398 740 Prnlidem
1429 657 1483 741 D.
1501 659 1584 737 Fer-

43 764 248 843 dinandnm
272 764 317 838 de
343 763 442 861 Vega
466 763 581 853 datis,
606 782 682 858 qun
709 759 747 835 in
772 755 976 841 Matritenst
1000 756 1170 857 Editione
1197 758 1382 860 publicatae
1406 760 1508 839 sunt.
1539 761 1583 841 ln

44 869 172 965 primis
199 861 336 961 scribit
363 863 514 956 Acosta,
552 858 703 939 censurae
736 861 898 957 quaedam
928 860 963 937 in
990 859 1122 963 quibus'
1148 864 1474 939 excommunicatio
1510 863 1586 962 ipso

45 966 150 1053 sasso,
170 921 372 1058 serebatur,
397 965 494 1064 quod
519 964 693 1041 videretur
718 986 823 1060 poena
849 962 1018 1059 rigidior,
1044 965 1100 1042 vel
1126 961 1263 1062 prorsus
1289 961 1436 1043 sublata
1463 963 1544 1040 sunt
1574 1022 1587 1058 ,
1698 961 1701 968 ’

47 1073 105 1149 vel
131 1073 318 1169 inaptnpas
342 1070 506 1147 mitiores
530 1087 698 1143 mutatas.
725 1063 823 1138 Nam
847 1088 924 1167 qun
950 1065 1027 1140 An.
1058 1089 1089 1139 2.
1118 1090 1195 1163 cap.
1226 1084 1287 1161 23.
1316 1063 1493 1147 serebatur
1524 1068 1585 1143 ad-

51 1168 185 1269 versus
207 1166 369 1251 laminas
395 1166 566 1266 cooperto
602 1168 703 1247 vultu
737 1165 812 1242 vias
836 1163 990 1269 publicas
1016 1167 1300 1261 inambulantes,
1322 1165 1390 1241 sive
1415 1169 1460 1245 de
1491 1164 1593 1247 sette-'

53 1272 396 1373 stris-qlrospicicntes
421 1297 504 1347 cum
529 1269 759 1369 processiones
786 1264 896 1359 fiunt,
922 1270 1071 1342 omnino
1096 1265 1230 1343 sublata
1257 1267 1325 1343 est.
1490 1350 1494 1357 ,

152 1373 245 1471 Qec
270 1373 346 1449 nn.
376 1394 410 1470 3.
437 1398 513 1470 cap.
540 1398 576 1464 ᾳ
603 1369 766 1446 adversus
791 1370 957 1445 clericum
983 1368 1055 1445 stne
1079 1369 1206 1444 litteris
1231 1367 1429 1446 dimissoriis
1455 1371 1499 1447 ab
1510 1399 1582 1452 una

58 1478 97 1559 a'd
121 1481 234 1553 aliam
260 1472 438 1558 dioecasnn
474 1495 757 1570 commeantem,
785 1478 1008 1576 commuluta
1034 1469 1083 1546 est
1109 1472 1146 1547 in
1173 1488 1315 1569 pieriam
1341 1476 1594 1570 pecuniariam

60 1581 201 1657 arbitrio
225 1574 410 1676 Episcopi.
503 1668 506 1675 ,

154 1680 260 1756 Item.
276 1704 351 1777 quac
377 1681 414 1753 in
439 1678 564 1759 cadem
592 1677 668 1755 Αᾶ.
693 1682 730 1763 ὃς
754 1702 832 1776 cap.
861 1675 1020 1755 adversus
1047 1677 1218 1768 vicarios,
1245 1680 1281 1759 dt
1305 1675 1522 1774 provisores,
1542 1683 1580 1757 dc

55 1782 180 1873 iudices
205 1779 455 1863 ecclesiasticos
483 1779 717 1861 admittentes¹
747 1781 916 1855 clericum
941 1803 985 1853 cx
1010 1780 1126 1881 aliena
1159 1776 1297 1854 dioecesr
1324 1781 1369 1854 ad
1404 1781 1582 1859 celebran-

51 1886 139 1969 durn
164 1883 236 1959 fine
271 1884 397 1960 litteris
420 1877 621 1957 dimissoriis
656 1878 866 1977 ferebatur,
901 1880 1030 1962 eodem
1054 1881 1164 1960 modo
1200 1900 1424 1987 commutata
1459 1881 1524 1959 cst·
1543 1885 1582 1961 in

47 2010 199 2082 poenam
224 1986 464 2084 pecuniariam
491 1981 639 2065 arbitrio
664 1981 851 2087 Episcopi.
1300 2029 1305 2042 ·
1575 2056 1578 2061 .

151 2084 324 2168 Praeterea
349 2089 386 2167 in
410 2086 535 2163 eadem
561 2085 638 2161 nu.
653 2103 689 2183 3..
715 2109 790 2183 cap.
818 2105 875 2180 17.
905 2082 1063 2171 aduersis
1088 2085 1260 2167 clericum
1285 2085 1370 2161 aleis
1397 2085 1579 2171 autchar-

38 2191 99 2265 εἰς
123 2191 244 2288 pistis,
271 2209 332 2267 aut
357 2188 459 2265 alteri
485 2188 654 2291 ludojure
679 2186 859 2286 prohibito
885 2207 1076 2265 vacantem
1099 2184 1579 2267 sententiaeitcommunica-

26 2289 157 2375 tionis
182 2291 257 2391 ipso
281 2290 375 2367 ladio
399 2287 597 2379 serebatur,
622 2289 820 2367 dummodo
844 2289 999 2387 pretium
1031 2289 1192 2367 duorum
1213 2312 1402 2373 auteontm
1434 2290 1586 2366 excede-

20 2404 103 2467 ret
126 2394 306 2469 ludendo.
333 2390 377 2465 Id
402 2407 639 2486 temperatum
664 2387 743 2481 est,
780 2406 822 2465 ut
836 2414 989 2484 poenam
1025 2392 1406 2469 excommunicationis
1431 2392 1590 2471 clericus

14 2506 123 2569 non
148 2497 330 2582 incurrat,
357 2492 394 2565 ni
420 2487 596 2564 summam
622 2486 742 2564 luserit
766 2490 999 2570 excedentem
1021 2493 1278 2590 quinquaginta
1306 2516 1451 2570 aureos.

32 2628 42 2639 ²
153 2593 197 2668 In
223 2594 346 2672 eadem
373 2590 449 2667 Asi.
477 2615 554 2688 cap.
584 2588 641 2667 18.
674 2587 852 2666 serebatur
878 2589 1037 2671 adversus
1074 2594 1265 2687 clericum,
1301 2597 1360 2694 qui
1395 2593 1580 2697 faeminam

14 2695 239 2793 equitando
263 2695 362 2769 ducit
397 2695 423 2775 a,
445 2711 575 2791 tergo,
611 2710 674 2770 aut
712 2691 927 2770 ambulando
948 2719 1063 2770 manu
1090 2715 1220 2787 tenet,
1246 2719 1307 2775 aut
1344 2700 1539 2774 comitatur
1565 2751 1581 2790 ,

23 2788 202 2895 itemque
229 2798 265 2870 in
291 2795 380 2893 ipsas
404 2792 563 2879 feminas
590 2796 654 2871 tali
692 2793 885 2873 ministerio
909 2798 1132 2899 clericorum
1157 2818 1324 2889 utentem
1359 2820 1501 2881 mutata
1527 2797 1585 2881 cib

27 2890 253 2997 inponam
280 2897 425 2974 arbitrio
450 2895 633 2995 Episcopi.
659 2892 757 2993 Quin
781 2899 892 2973 etiarn
917 2901 1012 2996 quod
1037 2900 1220 2977 deuictum
1246 2899 1432 2994 habebat,
1462 2905 1578 2980 etiam

32 2992 78 3075 fl
99 3020 217 3075 mater
240 2997 324 3074 esset
352 3018 413 3073 aut
439 2996 560 3087 soror,
586 3022 663 3081 mm¹
683 2996 751 3075 elle
774 2996 1003 3081 fannnama
1028 3004 1158 3075 clerico
1182 3004 1451 3096 comitandum,
1490 3007 1576 3102 quia

34 3101 198 3179 nimium
224 3101 261 3176 id
286 3097 397 3181 visum
423 3096 497 3189 est,
523 3097 817 3205 conectunt-est,
844 3119 884 3175 ut
910 3101 1074 3196 exceptio
1096 3102 1213 3197 potius
1239 3100 1327 3193 liat,
1351 3103 1419 3177 nist
1454 3128 1572 3182 mater

42 3224 110 3279 aut
131 3199 324 3278 -soror.s1t.
351 3199 514 3296 AEqutm
538 3200 635 3273 enim
672 3197 877 3278 censuerunt
902 3196 1024 3274 Patres
1060 3198 1271 3298 gravissimi,
1297 3223 1337 3276 ut
1370 3207 1478 3281 matri
1516 3228 1582 3286 aut

40 3301 157 3383 sorori
185 3302 286 3401 possit
312 3303 458 3376 clericus
484 3298 686 3391 hujusmodi
711 3298 916 3398 obsequium
942 3302 1163 3397 impendere.

100 3478 103 3483 .
148 3404 238 3504 Cap.
267 3427 328 3483 21.
353 3402 480 3479 eadem
503 3400 679 3477 serebatur
701 3403 1028 3478 excommunicatio
1044 3403 1090 3478 -in
1115 3407 1283 3481 clericum
1316 3406 1578 3501 conducentem

44 3507 198 3689 sacimas
223 3506 363 3609 perse,
399 3506 454 3581 vel
488 3529 549 3605 per
574 3502 819 3613 intcpposrtam
844 3505 1061 3610 personam.
1088 3506 1137 3588 Et
1161 3507 1236 3587 haec
1269 3506 1405 3610 prorsus
1432 3506 1579 3606 ¹sublata.
1706 3506 1710 3521 '

49 3634 72 3695 Q
110 3653 157 3695 tl
654 3642 664 3674 '-
722 3679 743 3694 0
852 3660 856 3669 “
1210 3650 1215 3661 “
1483 3668 1487 3675 ·

76 3736 82 3753 ··
148 3709 279 3796 Praeter
303 3711 464 3789 censuras
487 3711 599 3793 dietas.
620 3708 1093 3812 etlammoderari'placuit
1116 3714 1213 3813 quod
1238 3713 1314 3801 Asi.
1342 3740 1376 3791 2.
1412 3742 1489 3815 cap.
1512 3733 1577 3814 30.

41 3814 228 3895 decretum
254 3836 332 3891 crat
357 3835 397 3894 ut
423 3817 539 3892 nullus
564 3813 789 3897 ordinaretur
815 3816 861 3891 ad
886 3815 1031 3894 titulum
1056 3817 1229 3896 domicilii
1254 3818 1386 3908 jurati,
1414 3815 1481 3891 nisi
1513 3843 1577 3912 per

48 3918 239 4000 triennium
264 3919 445 4012 integrum
469 3916 551 3999 verb
575 3921 614 3995 bt
636 3917 778 3992 realiter
802 3935 1048 3995 commoratus
1071 3913 1154 3997 esset
1181 3919 1218 3991 iu
1242 3917 1368 3990 eadem
1398 3917 1537 3993 dioecefi
1565 3972 1576 3991 .

46 4016 155 4111 Cujus
180 4022 262 4099 loco
287 4018 441 4117 positum
477 4017 556 4093 est:
594 4017 788 4099 Neminem
820 4015 882 4092 suh
908 4035 1076 4114 praetextu
1099 4017 1287 4096 domicilii·
1306 4015 1374 4092 else
1408 4017 1578 4095 ordinari·

45 4120 157 4214 dnm,
181 4119 248 4195 nist
274 4122 362 4203 illud
384 4119 546 4218 legitime
570 4120 872 4217 quemadmodum
895 4119 948 4210 ius
972 4117 1095 4198 statuit
1119 4117 1226 4201 suerit
1251 4120 1497 4201 contractum.
1562 4188 1580 4212 ,.

77 4254 87 4283 1
154 4221 200 4299 In
225 4246 303 4322 cap.
327 4242 365 4316 7,
389 4224 469 4305 Asi.
495 4242 531 4319 3.
556 4221 731 4314 habetur,
755 4223 793 4301 in
819 4220 932 4298 caufis
954 4221 1196 4299 criminalibus
1220 4222 1430 4315 clericorum
1464 4246 1579 4323 neque

43 4324 243 4417 fiscalem,
268 4347 380 4425 neque
403 4325 596 4406 Notarium
622 4327 757 4405 laicum
791 4321 859 4399 csse
883 4323 1170 4418 admittendum,
1194 4320 1253 4400 sed
1278 4326 1318 4402 in
1342 4324 1458 4400 sacris>
1480 4326 1582 4403 ordi-

41 4428 150 4511 nibus
173 4425 386 4512 constitutos
406 4424 475 4503 else
497 4428 647 4519 debere,
670 4429 730 4532 qui
755 4426 811 4503 his
847 4426 976 4503 officiis
998 4422 1260 4526 fungerentur.
1297 4423 1343 4501 Id
1369 4448 1493 4505 tamen
1516 4454 1579 4506 ιιι-

42 4529 129 4615 ferri
157 4530 291 4626 placuit
317 4527 412 4635 quod
437 4554 513 4609 non
537 4528 646 4627 usque
672 4531 764 4610 adeo
788 4529 854 4625 juri
881 4524 1068 4607 conforme
1093 4531 1204 4605 uisum
1230 4527 1328 4605 (ιμ’

132 4631 242 4732 Cap,
273 4639 330 4707 16.
359 4630 436 4711 Adl-
461 4653 500 4731 4,
525 4656 608 4712 etun
634 4653 795 4730 ageretur
818 4633 864 4710 dc
890 4630 1057 4728 parochia
1082 4655 1158 4705 non
1182 4627 1396 4726 suscipienda
1432 4629 1505 4705 sine
1530 4627 1579 4708 E·

40 4733 178 4833 piscopi
215 4736 409 4813 collatione
444 4734 557 4813 etiam
592 4735 613 4809 a
638 4734 889 4833 regularibus,
914 4731 1076 4809 additum
1101 4751 1213 4823 erat,
1244 4732 1424 4828 regulares.
1453 4753 1579 4828 prater

42 4836 236 4921 Ordinarii¹
259 4835 472 4920 facultatem
497 4859 622 4916 curam
645 4858 765 4933 &aare
788 4835 987 4933 parochias,
1012 4833 1220 4909 nullatenus
1240 4833 1316 4926 iura
1350 4836 1577 4931 permittere,

41 4946 80 5025 bt
106 4939 340 5015 matrimonia
369 4937 412 5014 ab
437 4939 480 5014 iis
505 4940 675 5035 copulata
701 4933 768 5011 else
795 4938 895 5021 irrita
921 4944 959 5016 bt
984 4937 1165 5028 invalida,
1188 4933 1258 5011 nisi
1282 4935 1476 5033 apostolico
1512 4939 1581 5031 pri·

45 5043 179 5147 vilegio
205 5041 438 5134 suscitentur,
462 5042 560 5149 quod
585 5058 710 5150 tumen
732 5042 872 5131 nullum
894 5038 963 5121 elle
987 5036 1151 5220 ξρῖίωρί
1171 5037 1396 5130 iudicabant..
1418 5038 1501 5119 Hoc
1523 5056 1581 5109 to-

1025 5167 1049 5245 p
1100 5166 1124 5222 2
1364 5168 1369 5175 ·
1457 5157 1538 5218 tum
