3864 5686
327 306 517 436 ’.58Ι
818 329 1404 409 Ouururrrouns

343 471 519 553 concessio
542 489 584 550 ut
620 470 864 548 Alexandrina
901 473 1012 547 citata
1049 468 1139 544 Ord.
1166 467 1197 543 Ι.
1224 468 1285 547 De
1322 468 1487 547 servitute
1513 487 1575 545 aut
1611 460 1877 571 mancipatione

341 576 515 654 Afrorum
540 575 618 652 vide
644 571 736 650 infra
769 598 865 651 anno
894 571 1003 671 1683.

794 777 832 852 Ο
857 778 895 853 R
920 775 961 850 D
988 773 1068 851 ΙΝ
1095 774 1189 852 AT
1216 773 1299 850 IO
1374 776 1420 849 V.

890 880 998 954 Anno
1025 900 1133 976 1454.
1160 898 1220 974 25.
1245 874 1326 972 Jan.

338 1083 652 1262 PRaecedcntem
677 1081 868 1159 confirmat
900 1081 1178 1157 ordinationem
1203 1081 1374 1157 Nicolaus
1400 1081 1446 1154 V.
1461 1137 1474 1176 ,y
1497 1082 1722 1180 declaratque
1755 1103 1874 1159 exten-

429 1188 466 1263 di
492 1185 538 1262 ad
562 1209 774 1285 quascunque
801 1187 871 1259 alia
895 1186 940 1258 de
966 1181 1163 1258 infidelium
1199 1182 1259 1257 seu
1285 1207 1506 1280 paganorum
1543 1184 1706 1259 manibus
1740 1188 1874 1284 acquiri

339 1288 487 1385 poliant.
514 1285 714 1384 Conquislae
740 1287 791 1376 jus
816 1306 984 1385 prorogat
1010 1288 1032 1359 a
1058 1284 1228 1384 capitibus
1240 1283 1407 1360 Boxador
1433 1291 1468 1362 bc
1492 1285 1579 1362 Non
1603 1284 1709 1384 usque
1734 1312 1796 1385 per
1820 1312 1874 1362 to-

340 1411 418 1464 tam
445 1390 625 1465 Guineam
652 1394 688 1464 dc
713 1390 807 1462 ultra
835 1388 948 1463 versus
975 1389 1074 1461 illam
1112 1387 1382 1461 meridionalem
1408 1391 1550 1486 plagam
1574 1442 1583 1460 .
1610 1386 1781 1463 Praeterea
1808 1391 1875 1466 de·

340 1494 475 1585 cernit,
502 1515 585 1566 cum
613 1489 658 1563 ad
681 1488 936 1586 perficiendum
961 1513 1048 1587 opus
1073 1485 1116 1562 stt
1141 1508 1401 1585 opportunum,
1427 1509 1467 1564 ut
1492 1488 1720 1587 Portugalllae
1755 1492 1874 1588 Reges

338 1617 422 1666 cum
448 1592 644 1668 infidelibus
669 1589 901 1668 &saracenis
926 1591 969 1664 de
994 1587 1254 1689 quibuscunque
1279 1590 1406 1691 pacisci
1432 1594 1594 1665 valeant:
1619 1597 1754 1666 merces
1786 1620 1873 1691 qua-

339 1694 514 1794 scunque,
539 1693 738 1768 dummodo
766 1716 1024 1768 armaturarum
1051 1714 1179 1787 genera
1205 1716 1280 1765 non
1306 1691 1395 1783 smt,
1416 1690 1549 1768 deferre
1576 1698 1611 1769 bc
1635 1717 1677 1767 ea
1699 1696 1872 1769 rendere:

339 1794 498 1872 ecclesias
523 1801 560 1872 ὃ(
585 1796 654 1869 alia
680 1795 739 1890 pia
763 1819 872 1892 opera
897 1793 1066 1867 fundare:
1092 1791 1314 1891 quascunque
1352 1797 1567 1870 voluntarias
1592 1794 1786 1893 personas,
1813 1821 1872 1871 ec-

338 1896 544 1975 clesrasticas
568 1901 604 1974 u
628 1893 836 1990 seaculares,
862 1896 1063 1996 quorumvis
1088 1897 1198 1969 etiam
1222 1897 1506 1973 mendicantium
1534 1896 1715 1971 Ordinum
1734 1903 1872 1995 regula-

336 2026 413 2091 res,
439 2002 483 2074 de
509 1997 727 2096 superiorum
753 2019 875 2074 tamen
901 1995 1045 2072 suorum
1070 1999 1213 2073 licentia
1240 1996 1510 2075 transmittere:
1538 1996 1683 2096 ipsaque
1718 1999 1873 2097 personae

336 2101 778 2202 possrntquorumcunque
805 2101 964 2176 indietis
1000 2099 1155 2199 partibus
1179 2099 1425 2194 existentium,
1463 2098 1588 2175 veleb
1625 2103 1872 2176 accedentium

339 2200 572 2277 confeffiones
599 2203 742 2295 audire,
770 2205 807 2277 in
832 2201 1062 2299 omnibusque
1088 2218 1211 2299 praeter
1235 2202 1319 2278 sedi
1347 2201 1559 2300 Apostolicae
1595 2201 1786 2278 reservatos
1812 2230 1872 2278 ca·

334 2304 425 2380 sibus
448 2304 605 2380 debitam
632 2301 890 2381 absolutionem
923 2304 1162 2402 impendere,
1188 2309 1224 2381 bc
1249 2302 1481 2381 ecclesiastica
1507 2302 1729 2380 sacramenta
1764 2310 1869 2380 mini-

334 2407 463 2482 strare:
488 2408 583 2507 quod
610 2409 646 2481 in
671 2408 824 2504 gratiam
859 2408 1052 2482 eorundem
1081 2406 1224 2503 Regum
1248 2409 1397 2483 concedi
1422 2406 1601 2482 declarat.
1628 2403 1758 2482 Christi
1784 2405 1871 2482 fide-

335 2512 384 2583 les
409 2533 532 2585 omncs
559 2508 719 2601 inhibet,
744 2532 789 2583 ne
814 2507 986 2584 saracenis
1014 2534 1035 2582 a
1060 2508 1133 2595 jure
1159 2509 1336 2606 prohibita
1360 2507 1516 2601 deserte,
1545 2528 1607 2584 aut
1632 2533 1693 2606 per
1717 2507 1869 2597 ejusmo-

333 2612 370 2684 di
398 2613 513 2687 maria
539 2614 707 2707 navigare
733 2609 966 2708 praesumant.
989 2607 1064 2705 Qri
1091 2607 1175 2686 verb
1201 2613 1422 2687 contrarium
1446 2607 1568 2685 lecerit
1590 2665 1601 2702 ,
1627 2611 1719 2684 ultra
1747 2637 1869 2707 poenas

334 2734 462 2787 contra
487 2710 681 2785 deserentes
720 2717 882 2787 arma&
918 2713 987 2785 alia
1014 2710 1191 2808 prohibita
1227 2711 1446 2787 saracenica
1482 2713 1556 2801 jure
1585 2714 1867 2808 promulgatas,

334 2840 420 2911 quas
446 2813 576 2886 incurri
604 2815 679 2887 vult
705 2811 779 2909 ipso
804 2809 899 2886 sablo
925 2818 978 2903 (a)
1006 2811 1032 2885 fi
1058 2814 1203 2910 persona
1230 2813 1273 2889 stt
1299 2813 1501 2910 singularis,
1527 2814 1868 2887 excommunicatio-

334 2917 389 2989 nis
414 2913 627 2989 sententiam
655 2913 836 3005 incurrat,
863 2913 889 2987 sr
916 2916 1154 2992 communitas
1181 2916 1361 2992 interdibto
1397 2913 1572 3003 subjaceat
1597 2937 1642 2987 eo
1668 2911 1771 3009 ipso:
1799 2937 1868 2986 nce

333 3036 458 3091 contra
484 3013 653 3090 facientes
681 3015 724 3090 ab
747 3018 1127 3092 excommunicationis
1152 3016 1325 3091 sententia
1353 3015 1507 3108 absolvi,
1533 3037 1598 3087 nec
1625 3012 1867 3089 interdislire-

333 3119 555 3193 laxationem
581 3116 806 3216 apostolica,
845 3119 900 3192 vel
928 3119 998 3192 alia
1024 3121 1143 3215 quavis
1169 3119 1391 3194 authoritate
1423 3117 1583 3193 obtinere
1609 3113 1761 3214 possint,
1797 3115 1865 3188 nisi

328 3217 588 3294 satisfecerint.
621 3219 733 3294 Extat
770 3219 864 3318 apud
891 3221 1057 3295 Antunez
1081 3221 1140 3294 lib.
1171 3242 1205 3319 3.
1240 3220 1301 3298 De
1326 3219 1469 3296 Donat.
1503 3219 1594 3316 Reg.
1623 3242 1699 3314 cap.
1729 3214 1762 3295 8.
1790 3216 1866 3314 pull

333 3347 429 3396 num.
459 3320 543 3413 89„
571 3322 761 3420 incipitque
786 3327 955 3397 Romanus
980 3319 1153 3412 Ponttsex.
1857 3370 1859 3373 .

776 3521 1277 3601 ORDINATIO
1353 3522 1418 3599 Vl.

870 3626 981 3702 Auno
1010 3633 1118 3724 1456.
1145 3647 1182 3720 7.
1208 3624 1321 3703 Mart.

418 3825 548 3906 Alistus
574 3828 645 3905 Ill.
673 3829 862 3909 confirmat
897 3833 1153 3932 praecedentem
1187 3831 1333 3910 Bullam
1357 3831 1500 3909 Nicolai
1527 3830 1597 3925 V.,
1634 3831 1866 3928 conceditque

443 3952 482 4007 ut
508 3934 796 4031 spiritualitas&
822 3937 1030 4011 omnimoda
1057 3936 1244 4025 jurisdiblio
1264 3937 1469 4027 ordinaria,
1496 3935 1721 4023 dominium,
1748 3942 1862 4027 &po

330 4036 432 4110 tellas
458 4039 495 4110 in
522 4036 802 4132 spiritualibus&
829 4039 1000 4136 capitibus
1025 4037 1193 4114 Boxador
1230 4045 1267 4116 bc
1291 4039 1378 4113 Non
1404 4036 1509 4135 usque
1534 4060 1593 4132 per
1620 4054 1735 4107 totam
1772 4034 1866 4109 Gui-

330 4159 437 4208 neam
463 4143 497 4209 bc
523 4139 616 4208 ultra
643 4139 741 4208 illam
767 4141 1039 4212 meridionalem
1067 4144 1208 4236 plagam
1243 4140 1349 4237 usque
1377 4141 1421 4213 ad
1448 4137 1578 4227 ludos,
1605 4136 1650 4208 ad
1686 4135 1865 4210 Militiam

330 4239 367 4310 b(
391 4234 567 4307 Ordinem
580 4233 709 4307 Christi
737 4234 882 4330 speciem
911 4241 961 4312 ita
987 4260 1027 4311 ut
1055 4238 1155 4314 Prior
1167 4239 1288 4332 Maior
1301 4249 1346 4330 (ι)
1372 4240 1496 4315 omnia
1522 4234 1864 4312 beneficia'ecclesra·

330 4334 418 4410 stica
443 4361 525 4409 cum
552 4362 635 4410 cura
662 4341 696 4411 &
722 4334 794 4410 stne
820 4362 925 4429 cura,
951 4336 1126 4415 saecularia
1155 4345 1389 4441 &regularia
1417 4336 1599 4430 conferre,
1626 4363 1767 4414 necnon
1780 4364 1865 4413 cen-

329 4435 423 4512 suras
447 4444 484 4515 bc
519 4462 638 4536 poenas
675 4435 850 4538 prolerre,
887 4443 1078 4540 omniaque
1113 4446 1182 4520 alia
1215 4470 1291 4544 quaa
1316 4447 1477 4517 locorum
1514 4441 1697 4517 Ordinarii
1735 4440 1866 4537 absque

327 4536 523 4619 differentia
549 4541 665 4617 facere
690 4543 791 4642 pollit
819 4567 859 4617 ac
885 4544 1030 4619 debea.
1061 4546 1338 4644 Decerniturque
1364 4547 1444 4618 loca
1482 4543 1548 4621 elle
1575 4547 1704 4619 nullius
1729 4544 1866 4616 dioece·

329 4641 390 4718 srs.
416 4645 526 4722 Extat
553 4647 645 4744 apud
670 4648 824 4724 eundern
850 4646 1013 4723 Auttrnez
1040 4651 1108 4724 loc.
1136 4650 1194 4725 cit.
1223 4648 1352 4747 lncipit
1379 4655 1470 4723 later
1496 4666 1625 4724 cetera.

1725 4856 1809 4925 Ala

324 4972 1871 5011 mmmm„

363 5079 422 5147 (a)
445 5084 508 5140 Via.
529 5084 598 5146 Ord·
622 5106 685 5154 ²13.
707 5089 817 5149 Λάκαι.
839 5110 867 5159 3·
886 5106 959 5150 anno
981 5099 1064 5157 1607.
1088 5109 1114 5156 7.
1133 5087 1232 5147 Maii.
