3856 5678
246 299 319 403 158
669 296 1244 393 Onnruarroues
1374 295 1379 302 ’

192 445 257 519 viia
280 439 542 521 moralisiattrm
567 444 604 521 dt
628 443 892 520 canonistarum
915 442 1102 517 dodtinis.
1138 441 1178 518 P.
1206 441 1361 519 Sanchcz
1386 445 1464 533 (a)
1489 443 1618 537 docet,
1638 445 1717 519 cle·

190 547 281 621 ricos
306 542 423 646 posse,
451 543 527 618 imo
552 545 664 621 teneri
687 544 894 623 denuntiare
918 545 1087 638 crimina,
1123 566 1199 643 quar
1223 544 1303 622 sunt
1330 547 1368 619 in
1395 570 1501 644 grave
1527 546 1576 620 tei
1601 546 1719 645 publi·

121 730 125 743 Ι
176 653 262 738 ἐκ,
287 649 344 721 vel
369 646 514 733 alicujus
539 647 665 744 privati
689 648 886 740 damnum,
911 645 1049 724 etiamst
1069 649 1294 746 probabiliter
1319 648 1503 740 credatur,
1526 647 1718 735 dementia·

191 765 270 822 tum
293 744 370 823 sore
394 748 661 839 damnandum,
686 748 884 825 dummodo
894 744 1187 848 protestationem
1212 752 1428 846 promittant
1452 749 1486 825 se
1510 750 1606 823 nolle
1615 770 1719 824 mor·

192 870 265 924 tem
291 851 346 925 vel
370 850 633 927 mutilationem
657 847 773 947 sequi,
799 847 859 925 sed
876 854 1007 929 damna
1033 853 1165 943 vitare;
1189 853 1272 950 quia
1298 853 1372 926 haec
1397 849 1450 926 est
1468 849 1642 953 obligatio
1660 851 1718 940 'm-

190 952 237 1023 ris
260 952 455 1043 naturalis,
482 954 503 1024 a
527 976 597 1047 qua
623 953 739 1026 nullus
765 975 824 1048 per
847 953 899 1042 jus
925 955 1111 1052 positivum
1139 960 1236 1054 (quo
1263 952 1466 1050 prohibetur
1492 951 1718 1041 clericusim·

188 1050 334 1127 miscere
366 1052 400 1130 se
434 1055 472 1128 in
497 1052 600 1132 causa
634 1051 860 1151 sanguinis),
896 1078 961 1129 nec
995 1079 1056 1155 per
1083 1054 1193 1131 statiis
1216 1055 1428 1152 dignitatem
1464 1048 1575 1153 potest
1608 1060 1717 1135 ealcu—

90 1164 97 1175 '
191 1150 279 1229 sari.

291 1254 340 1331 Et
367 1256 413 1330 ad
439 1277 688 1357 argumentum
713 1256 807 1353 quod
834 1253 895 1330 srbi
922 1254 1055 1332 secerat
1088 1280 1131 1335 ex
1154 1256 1370 1333 detrimento
1406 1254 1607 1332 incurrendi
1632 1256 1722 1330 irre·

191 1357 446 1454 gtrlaritatem,
479 1360 590 1433 etiam
624 1355 791 1454 praemissa
830 1357 1101 1455 protestatione,
1137 1358 1225 1433 dum
1249 1357 1354 1434 causa
1378 1381 1453 1431 non
1479 1355 1618 1456 propria
1654 1354 1722 1441 sed

192 1458 313 1533 aliena
339 1461 507 1550 vertitur,
533 1457 738 1555 respondet,
768 1462 876 1534 talem
899 1461 1070 1535 clericum
1093 1485 1167 1533 non
1194 1461 1367 1534 incurrere
1393 1457 1723 1556 irregularium,

190 1582 277 1637 nam
300 1561 445 1660 qttanvis
468 1557 531 1655 Jus
554 1562 651 1635 dicat
678 1563 715 1635 in
740 1559 845 1638 causa
871 1562 1033 1662 propria,
1058 1559 1261 1636 extenditur
1285 1560 1360 1650 jure
1383 1559 1537 1634 naturali
1563 1555 1730 1634 faentina

190 1661 236 1735 ad
260 1658 383 1759 causat
405 1662 671 1757 proximorum,
697 1663 880 1761 inquibus
907 1663 1026 1760 agitur
1050 1664 1096 1739 de
1122 1664 1270 1737 vitando
1295 1663 1440 1737 illorum
1463 1661 1626 1735 damno..
1647 1656 1716 1733 Ci-

191 1760 339 1863 tatisque
367 1763 468 1853 huius
492 1764 658 1837 dodrinae
682 1765 838 1860 patronis
861 1761 1059 1856 Caietano,
1085 1764 1273 1854 Navarra,
1311 1763 1497 1855 Navarra,
1519 1762 1675 1836 Armilla
1703 1760 1724 1854 ',

187 1862 301 1956 soro,
324 1869 362 1943 u
383 1863 627 1955 Coranubia,
653 1864 802 1939 advertit
826 1864 895 1941 hoc
921 1866 1094 1964 intelligi,
1119 1866 1262 1964 quando
1287 1865 1389 1940 aliter
1415 1888 1526 1961 quarn
1559 1887 1620 1959 pet
1653 1861 1719 1937 de-

191 1966 455 2043 nuntiationem
480 1966 530 2040 illi
555 1966 658 2040 malo
679 1965 816 2041 obviari
849 1969 990 2067 nequit.
1027 1968 1064 2041 Si
1090 1991 1188 2041 enam
1226 1966 1270 2038 ad
1296 1966 1485 2039 arcendum
1523 1964 1723 2061 periculum

189 2068 275 2144 satis
299 2065 341 2141 stt
366 2068 657 2164 preparationem
682 2065 868 2167 detegere,
897 2068 1008 2143 taeirrl
1034 2065 1204 2164 persond,
1231 2091 1305 2139 non
1331 2064 1442 2162 potest
1467 2064 1619 2141 clericus
1640 2084 1722 2161 per·

190 2167 317 2245 sonam
344 2165 589 2260 maniseslare,
625 2168 709 2241 licet
743 2191 825 2243 eam
848 2165 964 2262 Judex
1000 2190 1207 2266 extorquere
1233 2168 1339 2258 velit,
1373 2163 1479 2242 cessat
1504 2168 1601 2241 enim
1627 2182 1719 2241 tunc

189 2272 289 2348 ratio
308 2271 470 2366 obligans
497 2269 542 2343 ad
568 2268 825 2365 detegendumr

292 2369 415 2449 Etiam
440 2368 689 2469 protestatione
715 2393 791 2445 non
815 2366 984 2465 praemissa
1009 2390 1110 2467 putat
1136 2369 1229 2445 lrrnc
1261 2370 1463 2444 doetrinam
1494 2366 1723 2464 probabniffi»

189 2496 290 2550 mant
326 2469 368 2548 Ρ.
393 2470 626 2568 Castropalao
652 2470 748 2562 (b),
784 2471 844 2567 qui
870 2468 1052 2568 postquam
1087 2498 1131 2546 ex
1166 2471 1334 2569 probabili
1360 2469 1534 2544 sententia
1567 2468 1720 2547 causam

190 2574 368 2675 propriam
396 2593 616 2671 reputaverat
640 2572 783 2646 causam
808 2567 1048 2663 samulontm,
1071 2572 1368 2662 domesticortun,
1389 2577 1426 2649 dt
1459 2571 1680 2647 subditotum
1705 2620 1724 2664 ,

189 2675 318 2752 addit:
339 2675 462 2784 Quadi
486 2671 665 2749 accusatio
691 2673 746 2747 vel
770 2673 995 2749 denuntiatio
1021 2672 1220 2775 instituatur
1246 2677 1289 2747 ad
1315 2676 1580 2771 precavendum
1601 2675 1721 2771 reipu-

193 2777 293 2852 blicae
317 2777 491 2850 damnum
515 2775 570 2849 vel
598 2775 739 2849 alterius
763 2774 906 2871 priuatae
931 2771 1104 2872 persone,
1129 2777 1225 2874 quod
1251 2776 1324 2849 alia
1348 2777 1406 2849 via
1431 2776 1542 2849 averti
1567 2774 1694 2871 nequit
1703 2810 1729 2867 3·

192 2874 504 2975 probabilissimum
528 2873 653 2952 censeo
680 2895 714 2950 te
739 2874 787 2950 ab
808 2875 1068 2973 irregularitate
1090 2874 1248 2952 excusari
1272 2878 1369 2950 nulla
1392 2873 1643 2974 protestatione
1665 2870 1725 2950 fa·

191 2980 271 3069 sla,
296 2978 377 3076 quit
402 3003 450 3054 eo
474 2974 557 3053 casu
582 3000 656 3050 non
683 2997 721 3051 te
747 2975 921 3053 immisces
945 2977 1054 3054 libere
1080 2979 1191 3052 causae
1215 2975 1418 3076 sanguinis,
1440 2975 1499 3052 sed
1525 2977 1601 3074 lege
1633 2973 1726 3051 cha·

194 3081 309 3157 ritatit
334 3080 495 3156 coartata.
521 3077 700 3153 Credibile
726 3100 847 3153 autern
871 3103 947 3151 non
971 3076 1055 3171 eli,
1090 3076 1276 3154 ecclesiam
1303 3077 1439 3153 afficere
1465 3079 1554 3152 velle
1587 3078 1729 3175 irregu-

195 3181 339 3256 laritate
364 3183 539 3258 cilionem
563 3179 637 3270 jure
663 3181 817 3254 naturali
841 3180 1025 3270 debitam,
1049 3179 1132 3254 esset
1156 3184 1252 3254 enim
1278 3182 1573 3276 impedimentum
1610 3202 1724 3278 appo·

196 3306 281 3359 nere
317 3283 481 3383 operibus
516 3281 702 3359 charitatis
737 3285 776 3358 dt
803 3283 966 3380 pietatis.
989 3279 1062 3358 Pro
1084 3307 1156 3382 quo
1180 3284 1269 3357 citat
1304 3283 1420 3381 plures
1452 3302 1576 3383 praeter
1603 3281 1728 3357 nomi-

189 3403 319 3461 litos,

287 3481 430 3579 Qodli
456 3482 639 3583 alquando
662 3485 871 3581 contingat,
896 3506 939 3559 ut
962 3480 1163 3584 reipublicae
1184 3484 1241 3559 vel
1266 3486 1395 3580 privati
1413 3485 1558 3574 alicuius
1585 3483 1729 3563 damna

193 3584 347 3661 charitat
372 3605 531 3661 avertere
555 3610 633 3660 non
657 3586 780 3685 poslrt,
806 3585 874 3661 nisr
898 3584 1120 3663 testificando
1142 3590 1181 3662 in
1204 3587 1358 3679 judicio,
1384 3588 1423 3661 id
1446 3587 1559 3663 etiam
1594 3587 1728 3665 cadem

197 3688 340 3765 ratione
375 3686 495 3764 licebit
521 3688 657 3762 clericis
692 3694 728 3766 bc
753 3686 920 3786 religiosis
956 3688 1084 3786 absque
1106 3690 1263 3787 periculo
1287 3689 1585 3787 irregularitatis.
1626 3683 1729 3783 Qia

192 3787 324 3864 scilicet
350 3812 424 3863 non
449 3786 498 3865 est
524 3788 713 3883 credibile,
738 3788 934 3866 Ecclesram
959 3792 1047 3867 velle
1073 3791 1365 3888 impedimentum
1392 3814 1567 3887 apponere
1608 3789 1730 3868 chari·

193 3891 263 3966 tati
276 3942 288 3964 .
311 3889 360 3967 Et
385 3890 470 3966 huic
492 3888 676 3967 sententiae
700 3887 797 3968 favet
822 3892 946 3968 Diana
972 3917 1056 3967 curn
1092 3891 1202 3986 aliis,
1227 3916 1317 3991 quos
1352 3893 1465 3982 citat,
1491 3915 1537 3967 ex
1568 3914 1730 3990 quorun

188 4013 311 4069 mente
337 3994 388 4068 ait
414 3999 508 4082 (c):
533 3992 702 4068 Probabile
727 3993 800 4087 est,
823 4019 898 4069 non
923 3991 999 4070 fieri
1024 3994 1252 4090 irregularem
1275 3995 1336 4091 qui
1363 3995 1400 4067 in
1437 3991 1598 4070 savorem
1637 3996 1727 4071 alte·

187 4097 281 4187 rius,
307 4099 343 4173 bt
369 4097 524 4172 maxime
560 4094 755 4192 reipublicae
790 4094 952 4187 accusat,
990 4093 1229 4187 testificatur,
1264 4095 1511 4191 patrocinatur
1546 4096 1586 4171 in
1614 4093 1726 4178 caan'a

187 4196 367 4290 sanguinis
392 4220 473 4270 cum
497 4196 741 4293 protellatione.
768 4192 891 4292 Qam
913 4197 1113 4272 dodrinam
1137 4222 1180 4271 ex
1206 4195 1380 4273 sententia
1407 4197 1538 4296 pariter
1564 4198 1724 4290 aliorum

191 4296 306 4373 narsus
334 4297 416 4371 alibi
440 4294 561 4370 firmat
586 4296 684 4384 (d).

292 4398 457 4505 Exdiuiff
485 4394 610 4471 inseres
622 4399 721 4470 nulla
747 4398 915 4496 religione
928 4400 1040 4478 teneri
1064 4397 1261 4474 sacerdotes
1284 4403 1320 4476 bc
1343 4395 1527 4499 religiosor
1547 4401 1646 4477 mala
1665 4398 1726 4485 snt

192 4501 249 4579 dir
270 4500 459 4600 presertim
487 4499 526 4573 iis
551 4498 611 4594 qui
639 4500 779 4573 illontm
805 4524 897 4575 curae
921 4500 1096 4577 commilsr
1121 4501 1226 4593 sunt,
1252 4503 1391 4594 celare,
1431 4526 1516 4577 cum
1552 4505 1598 4576 ad
1625 4526 1724 4581 aret·

190 4604 301 4680 tenda
324 4625 421 4701 open¹
437 4597 489 4675 esi
513 4596 768 4693 manisest2103
794 4622 872 4677 turn
897 4607 980 4703 quia
1005 4609 1207 4702 plerumque
1232 4605 1411 4701 punienda
1435 4629 1511 4680 non
1535 4601 1616 4682 sunt
1643 4600 1724 4682 san·

307 4790 310 4795 .
1580 4706 1663 4816 *san-

226 4876 291 4971 (a)
306 4875 493 4938 sancibat.
511 4880 715 4947 Conplura.
736 4897 765 4936 ar.
779 4877 880 4972 aditi.
894 4900 939 4937 ra.
958 4881 965 4972 Ι
982 4882 1015 4939 Ρ.
1039 4903 1065 4949 ⁴·
1086 4897 1124 4940 tr.
1146 4899 1172 4934 a.
1191 4880 1280 4948 Resal.
1310 4902 1357 4949 μ.
1404 4880 1463 4952 (d)
1490 4832 1718 4955 Dioni-sifi

227 4956 934 5030 (bleranae.rom.rr.2‚.p.1,.n.a.dasp.r.
984 4962 1029 5021 ⁸9·
1049 4974 1114 5016 tom.
1136 4948 1275 5016 (Ϋιηθ.
1294 4959 1356 5020 ead·
1387 4962 1436 5021 aa
1463 4962 1498 5021 P·
1519 4960 1560 5018 11.
1579 4962 1665 5020 nae.
1687 4983 1717 5029 ς.

227 5034 280 5104 (0)
299 5035 399 5095 ΜΙΜ
418 5033 505 5095 m·
524 5048 589 5115 ‘mr'
605 5054 629 5099 5·
649 5049 687 5093 n·
708 5054 734 5099 5·
747 5036 789 5094 ‚Ra
811 5040 859 5102 ⁸7·
876 5037 935 5098 ἃ·
977 5035 1098 5106 Mlsoeua
1114 5036 1205 5110 Rfsd·
1222 5048 1252 5096 (ο
