3864 5686
113 5265 198 5344 ’ἱ

360 336 413 420 m
791 315 1371 396 Onuiuasiouns

311 488 376 562 pus
400 461 599 562 designatus
624 455 672 536 est
697 454 753 531 Fr.
780 457 939 554 Julianus
973 453 1132 545 (ἰατρός,
1169 479 1243 531 non
1269 453 1426 553 Joannes
1451 448 1624 546 Gardt,
1650 469 1690 530 ut
1715 450 1849 535 habent

311 565 465 644 Herrera
501 568 596 655 (a),
632 566 668 640 d(
693 560 907 640 Solorzanus
934 559 1029 650 (b),
1067 561 1163 651 cujus
1189 560 1345 633 nominis
1370 555 1440 634 suit
1476 557 1654 655 religiosus
1691 556 1848 648 ejusdem

311 666 458 743 Ordinis
483 691 565 744 cum
586 663 757 763 liliano,
783 668 820 740 dc
846 687 984 737 coaevus
1009 663 1046 735 in
1072 660 1261 754 America‚
1286 659 1346 736 sed
1373 657 1593 754 Conversus,
1621 664 1655 736 br
1681 660 1702 734 ὲ
1728 660 1850 736 barba-

311 770 358 846 tis
383 766 617 845 decumana
645 790 741 841 anno
772 783 879 864 1513.
909 762 1064 840 occisus.
1092 762 1227 838 Verum
1263 763 1393 842 erei‘lio
1418 760 1564 861 praesens
1601 762 1762 855 evanuit,
1793 765 1854 847 cui

309 869 531 950 occasionem
557 867 690 944 fecerat
715 892 814 947 error
853 867 1093 965 putantium,
1127 864 1362 941 'Yucatanum
1387 867 1464 957 jam
1496 864 1568 940 boc
1596 884 1761 966 tempore
1784 862 1855 944 effe

310 973 433 1053 locum
461 993 525 1052 aut
547 973 731 1073 regionem
757 971 926 1047 idoneam
951 969 1202 1048 constituenda
1227 968 1331 1046 sedi.

668 1169 1257 1254 ORDINATIO
1333 1171 1490 1250 XXXV.

837 1279 949 1354 Anno
978 1297 1091 1375 1521.
1115 1297 1177 1377 25.
1206 1274 1321 1373 April.

402 1481 515 1562 Elaris
541 1477 814 1559 concesfionibus
840 1477 861 1556 a
887 1477 1043 1556 Nicolao
1067 1478 1158 1571 lv„
1182 1476 1480 1574 JoanneXXlI.,
1506 1473 1656 1556 Urbano
1682 1473 1751 1568 V.‚
1777 1473 1853 1552 Ett-

428 1586 534 1682 gcnio
562 1581 649 1673 1V.,
687 1583 828 1657 &aliis
863 1581 1038 1659 Romanis
1072 1578 1305 1657 Pontificibus
1338 1578 1438 1656 fadis
1463 1581 1645 1655 nonnullis
1670 1598 1759 1656 tunc
1795 1593 1855 1654 eis*

315 1685 431 1787 preffis
459 1683 636 1762 Fratribus
662 1687 751 1775 (1),
776 1684 836 1781 qui
863 1683 907 1759 ad
935 1702 1043 1763 tetras
1068 1681 1268 1761 infidelium
1279 1681 1441 1758 destinati
1467 1702 1594 1774 crant,
1620 1678 1856 1757 verbumDei

314 1786 556 1890 proponendi,
583 1783 783 1864 absolvendi
811 1784 855 1862 ab
876 1782 1275 1878 excommunicatione,
1311 1785 1545 1882 baptizandi,
1571 1784 1853 1883 poenitentiam,

315 1886 592 1979 eucharistiam,
618 1907 816 1966 extremam
840 1888 1044 1964 undionem
1069 1884 1290 1963 ministrandi
1304 1942 1320 1979 ,.
1342 1893 1380 1966 bs
1402 1886 1584 1987 Episcopis
1607 1910 1682 1960 non
1706 1883 1858 1961 existen»

313 1991 405 2072 tibus
432 1987 713 2070 confirmationis
738 1986 1035 2084 sacramentum,
1071 1995 1107 2067 br
1132 1990 1288 2067 minores
1313 1989 1455 2065 ordines
1479 1987 1707 2078 eonferendi;
1740 1985 1856 2084 capel-

316 2095 393 2186 las,
419 2097 456 2171 bc
481 2092 635 2182 altaria,
659 2104 800 2170 necnon
827 2093 953 2166 calices
978 2097 1014 2168 bc
1041 2113 1248 2190 paramenta
1273 2091 1522 2184 benedicendi,
1547 2088 1707 2165 ecclesias
1733 2092 1857 2164 velco-

316 2194 467 2274 meten'a
492 2193 770 2284 reconciliandi,
796 2190 928 2268 eisdem
953 2195 996 2268 de
1022 2193 1189 2268 ministris
1214 2194 1446 2291 providendi3
1484 2191 1742 2290 indulgentias,
1768 2212 1856 2289 quas

316 2294 484 2396 Episcopi
510 2295 759 2392 impertiendi,
798 2299 834 2372 d(
860 2296 930 2372 alia
965 2319 1191 2399 quaecumque
1217 2292 1404 2390 faciendi,
1429 2321 1506 2395 quaa
1543 2296 1588 2369 aid
1623 2314 1855 2391 augmennim

316 2397 429 2476 divini
455 2397 604 2489 cultus,
632 2397 678 2470 ad
715 2393 1051 2495 conversionemque
1088 2397 1286 2474 infidelium
1312 2396 1391 2497 ipsis
1417 2400 1618 2473 viderentur
1654 2395 1859 2494 expeditu

312 2524 455 2582 necnon
479 2499 603 2577 utendi
629 2495 818 2578 chrismate
843 2496 944 2574 sacro
971 2504 1009 2576 ὃ(
1031 2501 1114 2577 oleo
1140 2501 1294 2598 antiquis
1329 2500 1436 2603 usque
1462 2502 1512 2576 ad
1533 2521 1602 2575 tres
1626 2521 1738 2573 annos
1770 2519 1860 2571 cuns

316 2627 456 2685 novum
482 2601 603 2676 haberi
632 2624 707 2676 non
733 2597 866 2698 posset3
893 2597 1115 2699 dispensandi
1140 2624 1180 2675 ut
1205 2603 1346 2676 noviter
1372 2599 1526 2681 conversi
1550 2624 1675 2677 uxores
1700 2601 1775 2697 lege
1799 2597 1861 2673 di-

312 2704 398 2787 uina
423 2728 500 2779 non
525 2702 719 2801 prohibitas
744 2704 938 2778 retinerent
960 2729 970 2792 3
1010 2727 1052 2781 ac
1077 2703 1120 2776 de
1146 2700 1257 2777 causis
1282 2703 1606 2782 matrimonialibus
1639 2696 1859 2798 cognoscen-

316 2806 378 2900 ol,
405 2829 482 2905 quae
509 2806 598 2884 allas
636 2803 685 2878 ad
708 2802 898 2881 Summum
934 2801 1149 2882 Pontificem
1182 2802 1292 2882 effent
1318 2807 1514 2885 deserendo
1532 2832 1550 2896 ;⁴
1569 2805 1731 2878 omnium
1763 2797 1857 2876 fide·

312 2909 404 2984 lium
440 2911 479 2984 in
517 2905 616 2985 terris
641 2905 810 3002 praedisbi‘s
843 2901 1068 2982 existentium
1093 2905 1326 2984 confeffiones
1353 2910 1514 2986 audiendi
1538 2934 1548 2998 ;
1583 2924 1665 2980 vota
1690 2925 1859 2979 commu·

313 3009 440 3103 tandi,
467 3008 798 3086 excommunicatos
826 3005 847 3083 al
872 3031 1009 3082 canone
1034 3008 1090 3084 vel
1116 3010 1190 3082 alio
1216 3009 1332 3088 modo
1357 3009 1574 3102 absolvendi,
1597 3031 1673 3082 non
1694 3003 1865 3097 ieiunam-r

313 3114 353 3191 di
384 3109 412 3187 li
437 3110 651 3204 jejuniorum
687 3128 848 3205 tempore
873 3110 954 3185 iitae
989 3107 1179 3190 necessaria
1205 3110 1328 3189 baberi
1364 3140 1438 3192 non
1463 3109 1619 3214 pollent,
1645 3114 1682 3186 bc
1712 3105 1858 3208 partici-

312 3215 420 3314 pandi
448 3213 710 3312 indulgentiam
736 3211 775 3284 in
800 3231 933 3286 terram
957 3208 1116 3291 sanciam
1142 3212 1462 3311 proficiscentium·
1489 3216 1621 3295 Relaia
1645 3211 1761 3287 etiam·
1791 3230 1859 3283 ex··

312 3314 473 3396 tensione
500 3312 545 3393 ab
570 3312 695 3393 iisdem
718 3309 949 3390 Pontificibus
973 3311 1063 3396 sada
1089 3336 1130 3390 ut
1155 3317 1338 3415 Seiapliin
1363 3316 1512 3393 Ordinis
1548 3310 1860 3414 prisniensem-

310 3443 374 3494 nes
399 3419 446 3496 ad
471 3419 564 3499 dilsa
589 3419 671 3496 loca
698 3413 846 3490 transire
872 3417 1030 3494 uolentes
1056 3417 1235 3516 praemilsis
1261 3420 1426 3497 omnibus
1451 3419 1575 3516 gratiis
1598 3416 1751 3518 gauderte
1773 3408 1863 3512 pos·-

295 3520 415 3612 ⁴sent,
442 3537 548 3617 prout
574 3514 654 3615 ipsis
679 3514 859 3598 Fratribus
884 3541 948 3615 pro
973 3515 1136 3595 fratrum
1163 3522 1407 3620 ptaedisboniin
1433 3523 1507 3597 vita
1533 3521 1711 3595 indultum
1735 3535 1855 3611 erat,

310 3620 445 3719 Joanni
471 3619 652 3718 cuplon,
678 3624 715 3696 ὅ(
740 3617 927 3696 Francisco
953 3620 997 3696 de
1022 3621 1168 3718 Angelis
1193 3623 1383 3700 Minoriti's
1407 3625 1451 3700 ad
1479 3622 1648 3698 Indianas
1684 3616 1821 3695 inlidis
1839 3642 1865 3714 ,·

314 3720 467 3823 aliasque
493 3719 617 3802 Caroli
643 3720 688 3797 V.
717 3721 913 3817 provincias
948 3718 984 3797 se
1008 3721 1304 3819 conserentibus,
1331 3732 1368 3804 dc
1393 3726 1439 3801 ad
1464 3724 1589 3803 eorum
1624 3722 1737 3799 vitam
1769 3744 1860 3819 qiua*

310 3845 395 3902 tuor
432 3823 511 3899 aliis
535 3823 758 3920 deputandis
795 3824 963 3921 praedislis
988 3826 1110 3922 gratiis
1135 3830 1188 3902 uti
1225 3826 1319 3925 poffe
1343 3883 1355 3922 ,
1380 3848 1485 3903 motu
1510 3824 1653 3925 proprio
1685 3820 1865 3899 concessit.

311 3925 393 4009 Leo
417 3922 464 4004 X.
491 3925 618 4005 Voluit
645 3935 766 4005 autem
791 3949 836 4004 ne
862 3950 904 4000 ea
930 3951 1006 4025 quas
1033 3927 1077 4002 ad
1104 3929 1269 4006 ordinem
1293 3934 1330 4006 bi
1366 3929 1600 4028 episcopalem
1636 3927 1858 4025 digitum

310 4031 517 4128 portinent,
542 4029 634 4106 ullus
660 4051 785 4104 eonim
812 4051 971 4103 exercere
1009 4019 1156 4128 pollet,
1192 4029 1258 4106 nisi
1294 4033 1336 4108 in
1358 4031 1546 4130 provinciis
1579 4027 1638 4105 ubi
1672 4026 1877 4128 episcopiu-

308 4153 397 4307 tssosu
409 4127 651 4305 fuebixtodeq
678 4127 893 4323 {bipennibus
917 4129 1217 4240 quibuscumque.
1240 4131 1373 4242 bicipit
1396 4135 1498 4214 Alias
1515 4131 1652 4234 [eliens
1670 4130 1784 4210 Extat
1812 4129 1857 4228 in

400 4254 452 4305 aa.
564 4251 651 4304 erici
764 4282 772 4302 .

740 4436 1424 4521 Annorarl’aosten

347 4638 381 4725 ·(
390 4637 431 4723 1)
453 4635 547 4709 Tunc
572 4629 720 4747 caprasii
741 4630 944 4735 fratribus.
978 4638 1041 4718 Eli
1076 4631 1416 4742 ergo'piiiilegium
1448 4641 1636 4744 personale·
1653 4641 1754 4740 qnod
1778 4641 1863 4734 jein

318 4735 382 4888 diu
406 4732 569 4830 cessavit,
596 4734 754 4812 maxime
780 4763 864 4817 cum
888 4739 964 4817 haec
989 4746 1164 4834 limitatio
1189 4747 1228 4822 in
1253 4746 1472 4846 expositione
1498 4747 1583 4825 fani
1606 4743 1671 4823 seu
1699 4744 1854 4924 {plangoris

349 5074 407 5153 (a)
428 5087 509 5178 Herr-
529 5086 610 5178 Dal·
630 5111 659 5156 ς.
677 5106 703 5147 t·
725 5108 769 5148 tr.
1143 5096 1193 5167 (c)
1212 5098 1314 5158 Roder.
1333 5099 1417 5160 suita
1437 5121 1465 5168 3·
1485 5101 1580 5162 bonis
1600 5103 1636 5162 X·
1654 5101 1696 5162 Et
1708 5099 1856 5161 Verum

348 5159 404 5232 (b)
425 5162 530 5224 Salara-
549 5163 602 5225 lib.
627 5187 652 5222 a.
673 5169 734 5230 Pil.
754 5187 778 5230 c·
801 5186 829 5224 r.
960 5199 961 5203 =
1104 5177 1135 5235 in
1153 5173 1334 5270 finesspectili
1354 5174 1474 5252 conjug·
